2442 3365
0 0 315 58 war-²2³5*
377 0 416 11 “
436 10 446 18 -·
460 0 486 6 ··
507 12 509 14 -
592 0 597 4 ·
613 0 619 4 ’

0 79 106 130 ζμ.
146 96 152 98 ’
402 83 411 93 “
1062 105 1117 115 ·-
1170 84 1220 125 17
1249 108 1330 125 .—

16 248 17 251 ,
55 211 219 248 torem
253 201 634 260 quaerentibus
669 194 1000 256 petebantur
1054 199 1092 252 2,
1119 199 1158 252 2,
1191 199 1209 239 1
1240 199 1291 251 Q.
1319 200 1514 242 Fabius
1549 203 1805 244 Maximus
1830 203 1876 245 P.
1904 203 2096 247 Crasso
2130 218 2218 247 rus
2252 220 2343 261 pe·

57 273 174 310 tens
201 268 398 308 domum
423 264 720 306 revertenti
754 263 806 303 in
840 262 1036 304 itinere
1071 263 1326 304 narravit.
1379 264 1417 316 5,
1446 265 1472 305 3
1511 271 1592 306 ext.
1633 266 1660 306 3
1701 266 1854 307 huius
1887 272 2060 309 tamen
2095 268 2341 311 summoti

55 330 120 372 ab
155 327 572 371 Atheniensibus
607 326 818 378 Scyros,
856 324 1009 365 exule
1043 325 1230 366 minor.
1238 326 1435 378 insula,
1472 340 1591 368 ossa
1624 329 1815 369 mortui
1849 330 2003 382 cepit.
2056 330 2095 382 4,
2135 331 2156 371 1
2184 337 2270 372 ext·
2294 331 2338 372 6.

57 386 254 435 Pittaci
281 404 484 445 quoque
510 389 868 431 moderatione
895 392 1078 441 pectus
1104 379 1435 430 ἰιιέειιιοιιιιιι.
1490 389 1527 441 6,
1556 392 1594 442 8,
1625 391 1647 431 7
1676 396 1957 432 contentus
1992 405 2156 433 essem
2181 393 2338 434 huius
2371 398 2373 401 ’

54 453 312 508 exemplis
338 453 561 507 generis.
617 452 655 504 2,
684 452 710 491 9
739 451 792 491 in.
820 456 1086 504 partarum
1113 463 1282 490 rerum
1310 451 1457 491 caelo
1484 453 1718 493 cumulus
1744 459 2012 507 aequatus.
2066 454 2105 507 6,
2133 454 2172 507 2,
2192 455 2218 495 8
2244 455 2347 497 sed²

55 530 155 559 non
180 516 383 570 patitur
408 529 498 556 nos
525 515 618 555 hoc
643 482 887 566 longiore
913 512 1413 575 quere-llaprosequi
1431 527 1690 575 personae
1708 516 2041 570 insequentis
2058 516 2337 572 aliquanto

53 592 167 621 sors
195 578 451 619 humilior.
506 578 542 628 7,
572 578 608 628 7,
638 578 661 616 7
689 576 858 616 multo
874 572 935 625 Q.
955 557 1212 615 ¹Metel-ius
1233 577 1549 628 praetorem
1558 577 1816 617 urbanum
1850 579 2174 619 severiorem
2209 581 2335 632 egit.

53 642 90 694 1,
118 640 156 692 6,
188 641 209 682 1
239 640 369 682 Anci
396 639 538 693 regis
564 638 729 680 Marci
757 652 896 679 uxor.
931 637 1054 689 1,6,
1089 637 1138 678 10
1164 652 1272 678 cum
1301 637 1512 691 collega
1538 653 1627 680 suo
1655 639 1921 681 dissidens
1948 639 2137 693 Cinna,
2179 642 2215 693 1,
2245 642 2282 694 7,
2305 641 2336 683 4

52 702 257 760 plebeis
284 701 492 758 quidam
519 701 658 743 ludis
685 706 838 759 pat-er
863 700 1108 742 familias·
1164 701 1201 754 3,
1229 700 1266 755 3,
1299 701 1319 741 1
1348 701 1697 744 immolantem
1727 708 1848 744 ante
1882 702 2081 746 altaria
2115 709 2337 747 conatus

47 768 293 808 occidere
321 773 409 807 est.
463 768 500 816 5,
523 767 556 808 Β
584 772 664 805 ext.
685 767 710 805 3
750 767 925 819 patria
951 766 1409 809 iussusexcedere
1436 772 1525 806 est.
1581 766 1618 814 8,
1642 768 1662 805 1
1684 766 1855 807 absol.5
1882 780 2008 808 ausa
2032 775 2215 822 petere
2240 775 2333 809 est.

50 844 132 872 non
159 844 366 884 nunquam
392 828 581 871 relativas
608 842 770 882 quoque
797 827 1096 869 enunciationes
1124 828 1293 882 scriptor
1317 827 1547 869 insolentius
1574 828 1628 870 ab
1655 829 1724 881 iis,
1762 829 1906 883 quibus
1932 830 2183 885 explicandis
2207 833 2333 873 inser-

50 894 176 945 viunt,
205 892 341 933 verbis
368 892 553 945 diiungit.
608 891 658 932 cf.
686 892 724 944 4,
751 892 777 931 -7
806 896 887 931 ext.
917 891 938 930 1
968 892 1144 931 cumis
1175 896 1374 945 tempus
1400 890 1462 931 ab
1499 904 1575 944 eo,
1613 904 1731 946 quo,
1769 893 2072 948 priusquam
2106 894 2330 948 periret,

50 956 249 996 domum
276 956 547 1008 profectus
573 968 655 994 res
683 968 803 994 suas
828 954 1121 1005 ordinaret,
1149 955 1559 1006 impetravisset.
1613 956 1651 1006 5,
1683 957 1702 994 1
1733 961 1815 996 ext.
1843 956 1870 995 6
1897 956 2041 996 facta
2066 957 2331 996 mentione

50 1019 298 1059 acerrimi
334 1018 447 1057 eius
473 1017 641 1057 hostis
668 1015 1088 1056 mansuetudinis
1115 1016 1227 1055 eius
1250 1016 1517 1068 operibus,
1547 1030 1696 1069 quam
1715 1017 1941 1058 Romano
1968 1019 2333 1071 nominiprae·

48 1080 210 1131 stitit,
249 1080 433 1131 locum,
471 1080 558 1133 qui
593 1080 732 1119 inter
767 1092 943 1119 manus
979 1084 1076 1130 est,
1113 1078 1306 1118 finiam.
1363 1078 1462 1119 haec
1501 1076 1767 1119 insolentioris
1803 1078 2020 1121 verborum
2055 1073 2330 1122 collocationis

44 1144 231 1196 exempla
257 1145 325 1196 qui
353 1144 456 1183 inter
482 1155 525 1181 se
552 1142 855 1195 comparaverit,
882 1142 1134 1182 Perizonium
1159 1151 1313 1181 errasse
1330 1142 1546 1195 intelleget,
1572 1143 1642 1195 qui
1666 1143 1708 1185 in
1726 1149 1795 1184 vv.
1817 1142 1854 1193 8,
1878 1143 1929 1183 14
1946 1149 2027 1184 ext.
2046 1143 2073 1184 2
2100 1143 2331 1184 Alexan-

49 1206 129 1244 dri
156 1213 338 1256 peetus
365 1204 677 1243 insatiabile
704 1204 897 1254 laudis,
926 1205 1012 1255 qui
1040 1199 1549 1257 Anaxarcho'comiti
1574 1217 1683 1255 suo,
1712 1218 1774 1243 ex
1801 1207 2124 1245 auctoritate
2142 1207 2329 1245 Demo-

42 1268 169 1309 criti
196 1267 560 1320 praeceptoris
586 1265 999 1306 innumerabiles
1026 1265 1240 1306 mundos
1266 1279 1379 1306 esse
1414 1266 1691 1319 referenti,
1732 1267 1965 1307 ‘haume'
2002 1268 2178 1322 inquit
2214 1269 2329 1308 ‘mi-

44 1343 231 1381 serum,
278 1330 413 1384 quod
449 1343 507 1369 ne
544 1343 639 1369 uno
675 1329 880 1383 quidem
916 1329 1084 1369 adhuc
1119 1342 1224 1368 sum
1260 1329 1490 1381 potitus'.
1555 1336 1780 1382 angusta
1814 1330 2009 1370 homini
2053 1331 2326 1384 possessio

44 1392 247 1446 gloriae
276 1392 396 1443 fuit,
425 1406 555 1446 quae
582 1393 789 1433 deorum
827 1393 1045 1443 omnium
1081 1390 1614 1444 domicilio'sufficit,
1652 1391 1893 1433 vocabulum
1920 1392 2126 1446 gloriae
2149 1392 2322 1443 delevit.

41 1468 136 1494 nam
161 1462 270 1495 recte
296 1455 362 1494 ille
390 1456 676 1508 possessionem
703 1455 856 1507 gloriae
882 1455 1049 1507 negavit
1075 1454 1155 1493 dici
1182 1466 1296 1509 posse
1323 1456 1499 1493 omnium
1527 1455 1691 1494 deorum
1719 1455 1921 1495 domicilio
1946 1455 2149 1507 sufficere,
2184 1456 2325 1495 minus

40 1525 150 1558 recte
177 1518 279 1557 hanc
306 1519 544 1570 sententiam¹
570 1532 621 1557 ex
643 1518 793 1558 Valerii
819 1512 960 1557 verbis
980 1518 1085 1557 effici
1110 1517 1186 1556 sibi
1212 1511 1378 1570 aliisque
1405 1525 1450 1557 ut
1467 1518 1654 1570 Kempfio
1684 1522 1733 1557 et‘
1745 1518 1908 1557 Halmio
1945 1520 2158 1571 persuasit.
2199 1531 2324 1558 emm-

39 1581 161 1621 ciatio
187 1581 292 1620 enim
319 1580 489 1621 relativa
516 1593 645 1634 quae
769 1579 979 1620 sufficit
1004 1579 1057 1631 ad
1084 1580 1365 1634 possessio,
1407 1593 1487 1620 non
1522 1580 1575 1620 ad
1616 1580 1819 1634 gloriae
1845 1579 2060 1621 referenda
2092 1586 2165 1622 est.
2217 1580 2323 1621 haec

40 1657 133 1684 cum
159 1645 413 1698 scripsissem,
442 1646 483 1683 in
510 1657 651 1684 manus
677 1657 787 1684 meas
814 1643 1034 1683 Foertschii
1061 1643 1170 1696 prior
1195 1644 1473 1685 commentatio
1501 1645 1623 1695 venit,
1660 1657 1781 1698 quem
1806 1643 1949 1683 eodem
1976 1643 2096 1684 modo
2124 1643 2231 1684 bunc
2259 1643 2317 1683 lo·

39 1720 133 1746 cum
151 1706 422 1759 explicavisse
449 1707 579 1746 video.
634 1707 740 1759 quod
767 1706 873 1744 idem
900 1707 963 1744 vir
989 1706 1129 1745 doctus
1156 1706 1374 1745 hominis
1402 1720 1474 1759 pro
1511 1707 1703 1745 homini
1739 1708 1963 1759 proposuit,
2001 1720 2051 1745 ea
2087 1707 2319 1746 necessaria

39 1783 164 1823 prope
191 1769 415 1810 emendatio
442 1770 602 1823 videtur
627 1784 724 1810 esse.
742 1793 791 1800 —
805 1770 919 1809 Haec
931 1768 1022 1809 dixi
1050 1769 1223 1820 brevius,
1252 1784 1372 1822 quam
1399 1771 1434 1809 si
1460 1771 1535 1810 hae
1564 1770 1614 1809 de
1634 1784 1677 1809 rc
1695 1784 1775 1809 una
1797 1769 2053 1822 disputarem,
2069 1775 2197 1809 —est
2214 1770 2324 1809 enim

37 1832 105 1873 hic
130 1832 238 1872 locus
266 1831 344 1872 late
372 1838 510 1886 patens
547 1832 597 1873 de
632 1831 889 1872 collocatione
923 1830 1139 1872 verborum
1167 1854 1214 1862 —
1244 1831 1314 1872 sed
1354 1831 1512 1885 longius
1554 1832 1757 1886 aliquanto
1771 1863 1781 1883 ,
1825 1845 1947 1885 quam
1987 1831 2170 1872 instituta
2214 1832 2321 1873 ratio
2358 1885 2365 1892 1

38 1894 280 1949 postulabat.
