2615 3278
1117 98 1383 138 -16-

2 199 6 203 .
69 239 74 244 ,
101 212 447 265 tumScaevolam
454 220 617 256 enarrat
636 213 836 255 interdum
853 213 969 255 alveo
983 212 1215 266 calculoque
1233 226 1399 254 vacasse
1416 215 1485 255 et
1473 229 1514 254 m
1534 215 1595 255 his
1612 214 1764 255 lusibus
1780 193 1980 257 hominem
1998 218 2128 270 egis„
2147 230 2250 270 eum,
2268 230 2411 272 qum
2474 206 2477 208 -
2523 187 2615 281 ’.ἐκεῖ

103 291 238 321 rerum
262 281 411 318 natura
436 278 616 319 continui
641 275 789 318 laboris
814 277 1033 330 patientem
1059 288 1146 315 esse
1171 289 1252 316 non
1278 277 1395 317 sinat.
1449 276 1593 317 lusus
1619 278 1743 331 igitur
1769 278 1845 319 hoc
1870 278 1957 319 loco
1982 279 2090 319 idem
2125 279 2236 320 valet
2268 280 2382 333 quod

30 354 31 357 ¹
100 340 258 382 animi
284 341 627 380 remissiones
653 345 694 379 et
720 338 956 379 laborum
981 339 1319 379 intermissio.
1374 352 1496 394 quam
1523 353 1614 380 cum
1642 340 1750 382 dicat
1782 341 2020 395 tempestive
2058 338 2286 383 hominibus
2322 342 2387 383 in-

17 371 20 381 =
60 413 63 416 ’
99 401 344 454 stituendam
370 416 469 455 esse,
499 408 544 443 ut
570 401 623 442 ad
649 400 913 442 laborandum
940 402 1040 441 fiant
1065 402 1302 454 vegetiores,
1332 402 1441 442 haud
1467 404 1550 442 scio
1576 416 1630 442 an
1656 403 1765 443 lusus
1796 416 1975 457 quoque,
2011 403 2166 457 quibus
2184 404 2390 446 Scaevola

99 470 326 519 opportuno
353 471 531 523 tempore
558 477 600 505 se
619 462 743 516 dedit,
772 462 853 504 dici
870 464 1023 517 possint
1048 465 1367 516 tempestivi.
1414 465 1555 518 Itaque
1581 464 1779 505 scribatur
1804 467 2140 519 tempestivis
2167 466 2389 507 lusibus.

294 537 549 591 Quamquam
575 535 629 577 ab
656 535 885 577 hominibus
912 536 1040 581 doctis
1066 535 1339 577 collocationis
1372 536 1586 577 verborum
1624 538 1849 579 audacioris
1885 552 2005 590 saepe
2041 539 2151 590 apud
2179 526 2391 579 Valerium

100 613 183 640 non
210 600 323 640 nulla
350 599 534 652 exempla
561 600 711 652 passim
737 598 876 639 adlata
902 592 1005 652 sunt,
1034 611 1151 638 nemo
1177 604 1315 639 tamen
1342 598 1473 640 adhuc
1499 600 1687 640 inventus
1720 600 1799 652 est',
1835 599 1904 654 qui
1940 598 2047 641 hunc
2074 599 2204 641 locum
2228 600 2283 641 ad
2310 616 2394 642 ser-

103 663 235 704 monis
261 662 469 704 Valeriani
497 664 784 715 proprietatem
810 662 1123 714 intellegendam
1149 663 1417 701 necessarium
1443 662 1635 702 adcurate
1663 667 1864 704 tractaret.
1919 675 1999 718 quo
2031 663 2183 704 factum
2221 668 2282 705 est
2291 695 2303 717 ,
2346 670 2394 707 ut

97 724 242 780 multa,
270 738 374 781 quae
401 724 570 779 scriptor
596 723 760 767 liberius
787 725 1053 767 adfectatione
1080 725 1254 779 quadam
1281 724 1460 778 dixisset,
1488 741 1578 766 cum
1605 726 1701 766 ferri
1727 739 1820 766 non·
1844 741 1962 780 posse
2005 726 2251 779 viderentur,
2288 729 2394 767 iniu-

105 791 168 830 ria
192 790 501 842 corrigerentur.
556 801 580 827 e
607 788 753 842 quibus
779 803 904 829 unum
930 788 1062 828 locum
1089 787 1246 842 eligam,
1274 802 1369 829 nam
1397 789 1608 844 quominus
1634 794 1758 831 totam
1778 789 1985 831 materiem
2004 789 2229 843 absolvam,
2257 791 2392 832 termi-

109 853 176 893 nis
201 852 295 893 huic
321 850 457 892 libello
485 842 710 892 constitutis
738 852 945 905 impedior.
1001 852 1052 890 de
1079 865 1157 904 quo
1185 852 1346 911 quidem
1373 852 1460 892 loco
1488 858 1533 892 ut
1558 858 1666 892 recte
1693 852 1887 906 disputari
1923 853 2065 906 possit,
2100 852 2235 907 paullo
2271 853 2394 894 altius

107 913 371 969 repetendum
399 919 471 955 est.

292 977 481 1017 Valerius
508 990 588 1017 non
615 990 833 1031 nunquam,
863 991 965 1031 quae
994 977 1097 1017 inter
1125 991 1167 1015 sc
1195 976 1420 1028 cohaerent,
1460 977 1587 1017 verba
1619 977 1670 1018 de
1696 977 1891 1017 industria
1917 978 2097 1030 quaesito
2125 978 2294 1018 artificio
2320 984 2394 1018 aut
2414 977 2424 981 ”

101 1041 162 1081 ita
189 1041 325 1080 traicit
352 1046 422 1079 aut
449 1040 539 1079 aliis
566 1039 703 1079 verbis
728 1040 971 1092 interpositis
999 1039 1065 1078 dii
1059 1041 1183 1092 ungit,
1212 1045 1256 1079 ut
1284 1040 1410 1079 oratio
1438 1039 1610 1080 obscura
1637 1040 1784 1080 existat
1803 1045 1843 1079 et
1861 1046 2053 1081 contorta.
2100 1039 2208 1094 quod
2224 1039 2393 1094 quidem

100 1117 181 1144 non
209 1102 306 1143 satis
333 1102 603 1143 adtenderunt
629 1102 808 1143 homines
835 1102 951 1153 docti,
995 1103 1064 1156 qui
1091 1102 1128 1153 2,
1164 1103 1201 1153 2,
1239 1102 1264 1141 9
1305 1102 1445 1160 horum
1488 1101 1703 1142 verborum
1743 1102 1883 1143 ordine
1925 1104 2067 1144 facto
2110 1103 2389 1143 sacrificio

102 1166 382 1218 caesisque
409 1166 586 1218 capris
613 1164 879 1218 epularum
906 1165 1183 1205 hilaritate
1210 1179 1268 1205 ac
1294 1166 1415 1205 vino
1442 1165 1676 1217 largiore
1703 1167 1966 1217 provecti,
2005 1166 2181 1204 divisa
2207 1170 2388 1217 pasto-

102 1228 206 1267 rali
233 1228 407 1279 turba,
437 1228 601 1267 cincti
627 1227 810 1266 obvios
836 1226 1067 1281 pellibus
1093 1227 1472 1268 immolatarum
1489 1226 1777 1268 hostiarum
1804 1228 2044 1269 iocantes
2073 1228 2387 1281 petiverunt

102 1291 253 1332 offensi
279 1296 383 1330 sunt.
438 1290 542 1331 Nam
561 1290 770 1357 Kempfius
795 1290 850 1330 ad
875 1290 915 1330 h.
943 1290 969 1332 l.
999 1291 1090 1330 ‘iam
1118 1291 1152 1329 si
1178 1289 1345 1343 probum
1373 1297 1433 1330 est
1457 1290 1556 1331 illud
1583 1303 1606 1330 o
1615 1290 1643 1330 b
1652 1291 1702 1330 vi
1713 1304 1736 1330 o
1747 1291 1784 1329 s'
1793 1291 1973 1344 ,inquit,
2005 1290 2116 1331 ‘falso
2139 1296 2275 1330 tamen
2291 1289 2383 1330 loco

101 1366 212 1395 nunc
238 1358 458 1406 comparet,
488 1367 564 1404 nec
590 1342 693 1393 male
720 1353 778 1392 in
791 1352 1032 1393 editionibus
1058 1354 1361 1426 transpositum
1356 1358 1427 1393 est
1452 1359 1542 1407 post
1567 1354 1580 1393 i
1590 1367 1614 1393 o
1624 1367 1645 1393 c
1655 1366 1717 1393 an
1727 1359 1775 1393 te
1785 1367 1815 1394 s.
1873 1352 1946 1394 sed
1972 1353 2142 1395 fortasse
2170 1353 2304 1414 etiam,
2339 1358 2387 1393 ut

103 1415 320 1457 Torrenius
347 1415 635 1469 suspicabatur,
664 1415 750 1456 sola
775 1415 903 1456 verba
926 1426 952 1456 'c
961 1417 974 1456 i
985 1431 1011 1455 n
1021 1430 1044 1457 c
1053 1417 1093 1456 ti
1127 1423 1168 1455 et
1200 1430 1224 1455 o
1234 1416 1261 1455 b
1271 1430 1298 1455 v
1307 1418 1321 1456 i
1330 1430 1353 1456 o
1363 1430 1383 1455 s
1414 1416 1550 1455 sedem
1586 1422 1813 1468 permutare
1847 1415 2007 1455 debent.
2060 1429 2125 1455 res
2159 1415 2281 1455 valde
2325 1416 2386 1455 in·

103 1484 215 1520 certa
226 1478 310 1519 est.'
337 1477 443 1518 idem
460 1477 642 1519 Halmius
657 1478 819 1519 iudicat.
848 1477 919 1519 sed
931 1478 1030 1519 nihil
1043 1478 1291 1520 mutandum.
1328 1477 1537 1519 videamus
1550 1478 1630 1519 alia
1642 1478 1837 1532 exempla.
1874 1479 1912 1530 3,
1931 1481 1970 1530 4,
1989 1479 2045 1519 3
2034 1494 2075 1519 ιιι
2092 1479 2155 1518 his
2171 1478 2345 1518 verbis·
2331 1494 2385 1518 ιιι

105 1542 284 1583 Tullio
312 1554 435 1581 vero
463 1542 675 1581 fortuna
708 1542 993 1595 praecipue
1029 1542 1173 1581 vires
1208 1555 1326 1582 suas
1361 1541 1612 1594 ostendit,
1650 1555 1861 1583 vernam
1897 1541 2015 1582 huic
2051 1540 2168 1582 urbi
2204 1547 2381 1583 natum

60 1606 61 1609 ’
103 1617 277 1658 regem
319 1602 487 1644 dando
529 1603 597 1645 alii
637 1605 847 1659 scriptores
875 1618 1084 1645 vernam
1110 1611 1285 1645 natum
1311 1605 1429 1645 huic
1455 1604 1572 1644 urbi
1597 1618 1770 1658 regem
1807 1605 1975 1645 dando
2003 1604 2216 1656 dixissent,
2261 1610 2387 1659 atque

103 1668 164 1708 ita
189 1666 445 1707 scribendum
473 1680 560 1708 esse
577 1668 738 1721 Lipsius
765 1673 805 1708 et
824 1667 989 1709 Colerus
1016 1668 1281 1708 coniecerunt.
1337 1668 1552 1708 Torrenius
1578 1668 1740 1720 quidem
1766 1667 1866 1709 nihil
1892 1667 2128 1707 mutandum
2154 1681 2242 1706 esse
2269 1667 2383 1718 dicit,
2410 1688 2413 1692 »

105 1743 196 1770 cum
224 1743 272 1769 eo
301 1729 465 1770 consilio
495 1729 681 1771 Valerius
708 1730 783 1772 hoc
808 1730 966 1772 insolito
992 1729 1207 1772 verborum
1234 1730 1374 1772 ordine
1400 1744 1494 1772 usus
1529 1731 1590 1783 sit,
1629 1736 1673 1771 ut
1698 1730 1906 1782 indicaret,
1932 1730 2110 1772 Tullium
2146 1745 2227 1771 non
2255 1730 2388 1770 solum

54 1794 57 1797 ’
106 1794 200 1834 urbi
221 1794 372 1833 Romae
400 1793 538 1835 datum
565 1807 652 1832 esse
677 1807 817 1846 regem
843 1807 869 1833 a
894 1795 1062 1845 fortuna,
1092 1794 1164 1833 sed
1191 1795 1310 1833 etiam
1336 1795 1468 1848 ipsum
1492 1799 1631 1834 natum
1658 1793 1779 1834 fuisse
1806 1792 1897 1834 urbi
1923 1806 2103 1834 vernam.
2148 1793 2264 1846 quasi
2282 1805 2386 1837 vero

104 1855 148 1897 id
176 1856 305 1896 maius
333 1856 394 1908 sit,
424 1869 545 1910 quam
571 1857 605 1896 si
619 1855 787 1908 ,alienae
814 1855 904 1897 urbi
920 1870 1056 1898 „verna
1081 1857 1232 1899 fuisset.
1285 1857 1356 1897 sed
1382 1857 1638 1910 agnoscenda
1664 1863 1725 1896 est
1751 1858 1973 1911 proprietas
2002 1855 2236 1897 elocutionis
2263 1856 2387 1897 Vale·

76 1920 81 1924 '
103 1920 253 1971 danae,
282 1932 363 1959 non
389 1919 630 1959 excusanda.
685 1919 792 1960 idem
821 1919 1076 1961 statuendum
1102 1925 1163 1961 est
1189 1920 1239 1960 de
1274 1921 1341 1972 iis,
1383 1933 1486 1973 quae
1514 1919 1722 1973 Kempfius
1758 1919 1812 1959 ad
1848 1919 1974 1960 verba
2009 1920 2045 1971 9,
2083 1920 2110 1959 2
2146 1925 2228 1959 ext.
2265 1919 2293 1958 2
2333 1925 2389 1958 ut

109 1995 273 2035 aeque
298 1982 636 2032 terrestrium
662 1982 941 2023 scelestum
958 1982 1479 2035 Carthaginiensium
1506 1983 1771 2035 copiarum
1789 1995 2056 2035 egressum
2072 1987 2216 2022 terra
2233 1994 2386 2035 quam

104 2044 480 2085 maritimarum
508 2043 779 2097 Neptunus
806 2047 1143 2098 experiretur
1169 2045 1398 2096 adnotavit,
1441 2045 1654 2084 contritum
1689 2044 1800 2085 illum
1837 2044 2000 2099 quidem
2040 2043 2257 2085 verborum
2298 2057 2388 2084 esse

104 2106 286 2148 ordinem
312 2119 442 2161 neque
469 2112 605 2148 tamen
632 2107 751 2163 plane
777 2108 1034 2161 reiciendum,
1063 2109 1299 2163 praesertim
1325 2122 1414 2149 cum
1445 2108 1713 2149 defensionem
1741 2108 1908 2149 haberet
1941 2110 1984 2149 in
2020 2108 2268 2162 oppositione
2302 2107 2386 2158 illa,

107 2184 215 2225 quae
232 2176 347 2210 'esset
373 2171 478 2211 inter
504 2177 712 2224 terrestres
739 2178 780 2212 et
806 2173 1025 2212 maritimas
1053 2171 1445 2226 Carthaginiensium
1471 2172 1618 2226 copias.
1673 2185 1803 2226 neque
1829 2170 2065 2212 Eberhardo
2093 2170 2136 2224 (l.
2165 2170 2190 2211 l.
2219 2185 2258 2224 p.
2288 2170 2387 2223 163)

108 2233 325 2285 adsentior,
355 2234 425 2287 qui
450 2234 488 2285 5,
519 2234 555 2286 8,
584 2235 610 2275 3
637 2237 679 2275 in
706 2235 767 2275 his
795 2234 928 2276 verbis
956 2236 1166 2288 utrique
1192 2236 1330 2289 parti
1358 2250 1448 2289 per
1472 2241 1636 2276 totum
1662 2234 1871 2275 biduum
1899 2235 2115 2275 vacavit
2140 2247 2199 2274 ac
2224 2235 2390 2274 tertio

75 2335 78 2338 Α
105 2296 416 2352 plenissime
453 2296 536 2337 die
572 2297 1091 2352 diligentissimeque
1127 2298 1325 2339 auditis
1360 2297 1587 2339 testibus
1622 2299 1697 2338 ita
1732 2298 2108 2351 pronunciavit
2144 2296 2388 2337 vocabulum

106 2360 209 2410 die,
239 2360 388 2412 quippe
415 2373 495 2412 quo
514 2361 617 2399 male
634 2361 762 2400 verba
788 2361 1201 2414 diligenti-ssime
1228 2367 1268 2401 et
1294 2361 1597 2416 plenissime
1625 2360 1914 2413 dirimerentur,
1943 2359 2142 2401 censuerit
2168 2357 2385 2400 delendum

106 2435 214 2474 eme,
240 2422 417 2475 itemque
434 2422 592 2464 Paridis
611 2422 824 2464 verborum
843 2422 1174 2475 ordinem‘1,6,2
1199 2439 1307 2464 cum
1336 2426 1386 2464 in
1412 2425 1670 2477 Hispania
1695 2424 1870 2477 capite
1896 2423 2037 2476 ignis
2063 2423 2386 2463 contionan-
2432 2464 2438 2468 ,
2480 2448 2485 2453 ,

95 2485 174 2543 *tis
201 2484 481 2537 eluxisset,
511 2486 553 2525 in
580 2485 726 2540 quibus
753 2486 860 2527 idem
894 2486 1012 2527 homo
1048 2486 1199 2528 doctus·
1223 2502 1263 2541 p.
1301 2486 1379 2528 160
1413 2486 1612 2527 vocabula
1637 2487 1776 2538 ignis
1804 2492 1844 2525 et
1870 2486 2231 2526 contionantis
2258 2491 2386 2523 trans-

105 2548 201 2600 poni
226 2548 352 2598 iussit,
379 2548 632 2588 retinendum
653 2562 740 2588 esse
767 2554 875 2603 puto.
917 2549 968 2589 cf.
998 2549 1033 2602 7,
1061 2550 1188 2592 2ext.
1210 2550 1256 2590 ll
1286 2549 1400 2590 dum
1426 2547 1782 2590 Alexandrum
1808 2548 2023 2589 Persica
2049 2546 2387 2588 Macedonem

106 2609 432 2651 salutatione
456 2611 769 2662 gaudentem
796 2611 1055 2663 obiurgat.
1109 2613 1146 2661 3,
1176 2612 1212 2662 8,
1241 2614 1268 2651 2
1295 2613 1345 2663 Q.
1383 2613 1579 2653 Fabius
1618 2613 1871 2651 Maximus
1912 2608 2270 2665 compluribus
2308 2609 2385 2649 in-

105 2671 262 2714 iuriis
287 2670 577 2715 lacessitus
609 2672 661 2714 in
698 2672 873 2715 eodem
909 2674 1066 2715 animi
1091 2674 1273 2717 habitu
1308 2678 1498 2716 mansit
1532 2689 1625 2715 nec
1659 2689 1879 2728 unquam
1910 2674 2013 2714 sibi
2048 2673 2387 2726 reipublicae

105 2736 347 2789 permisit
372 2736 545 2777 irasci.
600 2737 637 2788 9,
666 2737 694 2777 5
720 2742 801 2777 ext.
828 2737 856 2777 2
882 2737 1088 2778 etiamsi
1115 2738 1310 2778 victori
1336 2744 1578 2793 repetere
1606 2738 1651 2778 ei
1679 2738 1878 2791 regiam
1905 2737 2237 2790 contigisset.
2288 2734 2325 2785 8,
2360 2734 2386 2772 '1

107 2803 189 2839 ext.
217 2797 244 2838 3
270 2811 471 2851 quoque
495 2806 727 2852 tempore
754 2814 779 2840 a
811 2800 1066 2840 studiosis
1100 2800 1383 2841 iuvenibus
1420 2802 1666 2861 certatim
1692 2800 1929 2841 Athenae
1956 2799 2229 2841 Platonem
2265 2796 2394 2837 doc·
