2615 3278
1165 114 1404 155 -8-

118 238 306 284 mutetur,
347 245 480 286 neque
507 246 603 273 sane
632 246 754 273 causa
780 232 941 272 videtur
968 245 1054 272 csse
1082 244 1154 271 cur
1179 232 1221 271 in
1248 245 1316 272 vv,
1346 231 1383 283 6,
1410 232 1448 283 2,
1469 232 1495 271 9
1522 231 1750 286 Diphilus
1791 234 2075 287 tragoedus,
2114 249 2224 276 cum
2262 234 2435 289 Apol-

119 293 362 337 linaribus
388 294 521 336 ludis
551 296 679 337 inter
704 300 865 335 actum
892 295 952 335 ad
980 309 1083 335 eum
1118 308 1306 334 versum
1342 296 1576 346 venisset,
1612 296 1661 335 in
1695 308 1788 348 quo
1822 295 1940 337 haec
1973 299 2224 339 sententia
2256 300 2427 339 conti·

119 363 281 409 netur,
308 357 506 399 miseria
531 364 700 399 nostra
726 371 931 412 magnus
959 363 1047 409 est,
1076 356 1321 398 directis'
1311 372 1357 398 ιιι
1385 357 1663 411 Pompeium
1695 358 1920 411 Magnum
1947 360 2171 401 manibus
2198 373 2420 414 pronun·

120 421 270 461 tiavit
297 434 389 461 cum
402 422 610 461 Perizonio
638 420 835 461 scribatur
862 434 923 461 es.
970 420 1076 460 Nam
1089 426 1196 460 recte
1215 421 1295 460 iam
1309 420 1519 476 Kempfius
1546 420 1598 461 ad
1626 420 1663 462 h.
1686 420 1710 461 l.
1726 422 1986 463 mutationem
2001 437 2133 479 neque
2145 424 2419 484 necessariam

121 497 208 525 esse
235 484 351 537 dixit,
382 499 473 525 cum
499 498 588 525 non
607 485 737 557 ipsum
765 483 878 525 illum
905 498 1078 535 versum,
1108 484 1179 523 sed
1206 485 1445 523 sententiam
1472 484 1684 524 dumtaxat
1711 485 1796 524 eius
1815 466 2070 525 reddidisset
2096 487 2306 538 Valerius,
2347 500 2423 527 ne-

119 560 199 600 que
225 545 487 600 probabilem,
517 548 707 601 quoniam
734 548 894 587 tertiam
921 560 1135 601 personam
1161 545 1319 586 Paridis
1347 560 1506 600 quoque
1533 546 1813 600 compendium
1843 548 2108 589 confirmaret.
2164 549 2274 601 apud
2301 549 2419 589 Cice·

119 622 260 649 ronem
289 611 405 660 enim,
448 610 561 649 cuius
588 610 826 650 auctoritate
856 609 1090 650 Perizonius
1122 609 1264 660 utitur,
1307 608 1409 649 haec
1451 614 1543 649 sunt
1586 608 1639 648 ad
1666 608 1749 649 Att.
1779 609 1816 660 2,
1849 610 1909 662 19,
1939 611 1965 650 3
2001 610 2133 650 ludis
2161 610 2425 663 Apollina-

120 671 256 712 ribus
283 672 516 726 Diphilus
534 671 812 729 'tragoedus
839 673 888 712 in
915 678 1131 712 nostrum
1158 672 1435 724 Pompeium
1463 671 1749 725 petulanter
1776 672 2008 713 invectus
2030 679 2121 723 est3
2151 679 2318 714 nostra
2337 677 2427 715 mi·

123 736 250 775 seria
276 741 326 775 tu
353 748 402 774 es
420 734 648 788 Magnus,
677 734 860 775 millies
888 740 1091 774 coactus
1118 741 1190 774 est
1217 734 1395 776 dicere.
1453 734 1610 774 accedit
1636 734 1744 788 quod
1771 734 1961 776 Valerius
1988 736 2147 790 scripsit
2173 750 2348 778 versus
2374 739 2424 779 in

44 825 48 829 ‚
122 811 216 853 quo
243 798 361 838 haec
387 798 638 839 ‘sententia
665 799 967 849 continetur,
997 811 1100 851 quae
1117 797 1290 850 'quidem
1318 796 1447 837 verba
1472 811 1553 837 non
1581 812 1672 837 cum
1697 797 1871 856 Halmio,
1901 806 1947 840 ut
1973 798 2201 840 emendatio
2228 813 2278 840 es
2297 802 2426 854 possit

121 860 323 914 intellegi,
367 874 460 901 cum
500 861 648 902 Paride
687 862 729 902 in
763 874 863 925 quo
904 861 1150 901 sententia
1191 861 1529 902 contineretur
1569 860 1761 902 mutanda
1801 867 1906 903 sunt.
1972 863 2063 903 Non
2098 864 2228 921 magis
2254 864 2421 917 probari

120 931 262 997 potest,
292 923 402 977 quod
429 924 538 964 idem
564 926 607 964 in
634 939 702 964 vv.
733 916 769 976 8,
801 926 835 976 1,
865 924 948 964 abs.
970 924 995 963 8
1014 937 1225 974 carmen,
1254 924 1301 963 in
1329 937 1422 976 quo
1449 937 1647 977 puerum
1675 930 1942 977 praetexta
1956 930 2057 965 tum
2084 930 2131 965 et
2157 926 2424 980 ingenuam

120 987 364 1040 virginem
392 1000 419 1027 a
446 1000 496 1027 se
523 994 804 1041 corruptam
825 955 1024 1040 'poetico
1053 987 1160 1026 ioco
1188 986 1578 1038 significaverat
1604 988 1940 1041 praepositionem
1967 988 2016 1027 in
2046 993 2140 1027 ante
2175 1002 2268 1042 quo
2306 989 2423 1030 addi-

121 1049 191 1090 dit.
248 1049 429 1090 similiter
456 1051 562 1090 enim
591 1049 778 1091 Valerius
804 1050 960 1090 locutus
987 1056 1048 1089 est
1076 1050 1111 1100 8,
1143 1049 1193 1088 13
1222 1055 1302 1089 ext.
1334 1050 1353 1088 l
1385 1056 1575 1090 constat
1606 1064 1726 1101 eum,
1767 1064 1908 1103 quem
1936 1050 1998 1090 ad
2024 1050 2214 1091 modum
2241 1051 2421 1092 Cicero

121 1113 278 1152 refert
303 1112 447 1164 libro,
478 1127 617 1166 quem
645 1113 701 1152 de
729 1118 985 1152 senectute
1014 1113 1241 1165 scripsit,
1272 1111 1410 1152 nullo
1438 1113 1623 1166 frigore
1651 1119 1700 1153 ut
1723 1118 1874 1166 caput
1900 1118 2095 1166 tegeret
2125 1112 2303 1154 adduci
2339 1128 2425 1167 po-

120 1176 285 1215 tuisse.
327 1174 397 1215 ubi
423 1177 575 1229 pariter
601 1182 721 1229 atque
750 1176 788 1215 h.
816 1176 841 1215 l.
870 1189 951 1214 non
979 1181 1084 1214 totus
1111 1173 1212 1214 liber
1238 1174 1308 1214 sed
1335 1188 1428 1228 pars
1454 1176 1729 1216 tantummodo
1756 1176 2017 1229 significatur.
2059 1176 2109 1215 In
2132 1175 2245 1216 libris
2260 1177 2424 1230 optimis

122 1244 256 1278 exstat
295 1238 338 1289 6,
382 1239 408 1278 2
449 1245 529 1279 ext.
572 1239 599 1278 3
641 1237 926 1279 Theodorus
968 1237 1255 1290 Cyrenaeus
1296 1238 1581 1290 Lysimacho
1632 1240 1736 1291 regi
1780 1244 1982 1278 mortem
2020 1237 2123 1277 sibi
2164 1240 2420 1279 minitanti

124 1301 409 1340 ‘enimvero'
437 1302 598 1354 inquit
627 1301 917 1354 ‘magnifica
943 1314 1019 1340 res
1046 1299 1136 1340 tibi
1165 1300 1391 1352 contigit,
1426 1301 1540 1354 quia
1567 1300 1873 1341 cantharidis
1908 1301 2002 1340 vim
2030 1300 2296 1341 adsecutus
2333 1303 2415 1341 es’

123 1377 322 1416 eumque
350 1364 436 1402 hoc
464 1363 597 1403 dicto
625 1377 867 1403 accensus
894 1364 1029 1402 cruci
1057 1376 1160 1401 eum
1188 1362 1364 1415 suffigi
1391 1364 1638 1416 iussisset,
1670 1362 1945 1404 ‘terribilis’
1973 1364 2041 1402 ait
2061 1363 2198 1403 ‘haec
2216 1364 2281 1403 sit
2299 1378 2420 1417 pur·

122 1427 316 1480 puratis
343 1427 452 1477 tuis,
483 1440 585 1466 mea
611 1426 808 1480 quidem
834 1415 960 1465 nihil
988 1426 1202 1465 interest
1229 1426 1353 1465 humi
1382 1440 1439 1465 an
1467 1426 1672 1467 sublime
1699 1432 1963 1480 putescam,
1993 1439 2066 1479 pro
2093 1439 2172 1480 quo
2191 1439 2264 1466 cur
2281 1427 2420 1466 novisa-

120 1489 244 1529 simus
272 1487 401 1530 editor
428 1503 451 1530 e
478 1485 626 1530 Paride
654 1495 695 1530 et
722 1488 919 1531 Cicerone
946 1488 1150 1542 scripserit
1177 1488 1389 1540 humine,
1432 1504 1512 1530 non
1540 1489 1671 1530 video.
1728 1490 1777 1530 cf.
1808 1490 1843 1541 8,
1889 1491 1934 1540 1,
1979 1489 2063 1529 abs.
2100 1490 2123 1528 7
2161 1491 2421 1543 respondit

121 1552 244 1593 nihil
272 1566 358 1592 sua
385 1553 633 1592 interesse
661 1565 905 1592 nocensne
932 1565 990 1592 an
1017 1551 1247 1591 innoxius
1274 1553 1474 1605 periret,
1518 1551 1588 1594 ubi
1615 1554 1728 1593 Paris
1765 1566 1829 1593 ne
1868 1552 2011 1593 omisit.
2066 1551 2252 1593 Valerius
2282 1559 2420 1593 autem

121 1615 202 1663 hoc
226 1615 455 1668 exemplum
482 1629 534 1655 ex
561 1615 717 1656 duobus
746 1615 951 1656 Ciceronis
977 1615 1074 1654 locis
1102 1614 1394 1666 conglutinavit
1430 1617 1549 1655 Tusc.
1579 1617 1618 1655 V
1646 1619 1671 1666 ξ
1702 1617 1775 1654 117
1805 1614 2093 1654 Theodorus
2128 1614 2424 1667 Lysimacho

119 1683 320 1718 mortem
348 1678 607 1719 minitanti
637 1679 873 1732 ‘magnum
899 1678 1031 1718 vero'
1059 1677 1219 1732 inquit
1262 1678 1515 1730 ‘effecisti,
1560 1679 1601 1719 si
1642 1677 1950 1723 cantharidis
1988 1678 2084 1717 vim
2125 1685 2422 1718 consecutus

119 1756 181 1781 es.
238 1747 278 1780 et
304 1741 401 1781 ibid.
431 1742 453 1781 I
480 1745 505 1791 ξ
536 1742 612 1781 102
640 1743 716 1781 cui
744 1755 847 1780 cum
875 1741 1194 1794 Lysimachus
1220 1754 1306 1780 rex
1344 1748 1541 1782 mortem
1582 1742 1904 1782 minitaretur
1947 1740 2075 1781 ‘istis
2095 1742 2306 1795 ‘quaeso'
2336 1741 2422 1781 in-

119 1804 224 1858 quit
265 1804 377 1844 ‘ista
404 1803 668 1845 horribilia
695 1805 924 1844 minitare
951 1805 1232 1857 purpuratis
1266 1805 1382 1843 tuis:
1413 1805 1651 1844 Theodori
1678 1804 1877 1857 quidem
1918 1803 2040 1842 nihil
2081 1804 2291 1843 interest
2331 1803 2418 1842 hu·

119 1868 244 1908 mine
271 1881 331 1907 an
359 1866 562 1908 sublime
589 1873 827 1922 putescat.
882 1866 982 1908 haec
1009 1867 1079 1921 qui
1106 1867 1210 1907 inter
1236 1881 1278 1907 se
1305 1868 1609 1922 comparaverit,
1643 1867 1742 1908 nihil
1769 1866 2004 1908 mutandum
2032 1881 2118 1906 esse
2146 1866 2242 1906 mihi
2269 1881 2413 1906 conce·

119 1931 201 1971 det.
233 1936 267 1982 1,
286 1935 320 1982 1,
347 1938 428 1971 ext.
448 1932 486 1982 3,
515 1930 585 1970 ubi
600 1932 700 1971 haec
718 1937 810 1971 sunt
828 1931 1098 1984 Dionysius
1117 1944 1306 1971 mensas
1324 1937 1590 1984 argenteas
1609 1937 1752 1985 atque
1780 1943 1956 1970 aureas
1983 1943 2006 1972 e
2033 1929 2164 1970 fanis
2191 1928 2418 1980 sustulit,

119 1993 346 2047 quodque
374 1995 421 2034 in
447 1994 523 2034 his
550 2007 677 2033 more
704 1993 948 2034 Graeciae
975 1995 1216 2046 scriptum
1243 2001 1352 2034 erat
1380 1994 1613 2033 bonorum
1641 1994 1836 2033 deorum
1871 2006 1951 2032 eas
1987 2005 2110 2044 esse,
2152 1992 2230 2031 uti
2252 2005 2303 2031 se
2340 1990 2422 2032 bo·

119 2057 278 2097 nitate
298 2069 461 2097 eorum
479 2055 792 2111 praedicavit
809 2056 943 2097 nescio
961 2070 1013 2097 an
1032 2055 1160 2097 verba
1178 2070 1256 2097 eas
1276 2070 1391 2109 esse,
1412 2071 1532 2110 quae,
1548 2062 1759 2110 postquam
1775 2055 2098 2109 Kempfiusdixit
2112 2069 2165 2095 ex
2179 2056 2419 2107 interpreta-

119 2121 226 2160 tione
254 2121 434 2173 genetivi
461 2134 578 2160 casus
604 2120 839 2160 bonorum
863 2119 1059 2159 deorum
1087 2125 1177 2160 orta
1204 2133 1290 2159 esse
1318 2119 1459 2172 videri,
1490 2133 1580 2159 cum
1608 2118 1724 2159 simul
1751 2132 1777 2159 a
1804 2118 1951 2160 Paride
1980 2124 2021 2159 et
2047 2116 2243 2159 Cicerone
2276 2116 2414 2158 aliena

118 2190 264 2235 essent,
294 2182 347 2223 ab
373 2183 536 2223 Halmio
564 2183 698 2224 deleta
724 2188 828 2235 sunt,
858 2182 1019 2223 defendi
1047 2183 1209 2236 possint.
1265 2183 1471 2224 Valerium
1499 2184 1605 2223 enim
1632 2197 1712 2224 non
1740 2183 2039 2236 inscriptionem
2066 2182 2195 2234 ipsam
2222 2180 2296 2221 sed
2321 2188 2413 2220 tan·

118 2246 324 2287 tummodo
353 2248 592 2286 sententiam
620 2247 705 2286 eius
732 2245 925 2286 adtulisse
951 2251 1060 2299 puto,
1089 2246 1198 2299 quod
1223 2259 1304 2286 non
1331 2252 1376 2286 ut
1403 2246 1470 2286 alii
1500 2245 1603 2286 dixit
1630 2246 1920 2300 inscriptum
1949 2250 2055 2285 erat
2082 2243 2152 2283 sed
2180 2243 2276 2283 scri
2284 2249 2419 2297 ptum

118 2316 238 2351 erat.
294 2310 494 2363 corrigere
520 2310 585 2350 vir
612 2309 753 2350 doctus
778 2323 860 2351 non
887 2322 1007 2349 ausus
1037 2308 1250 2349 est‘verba
1276 2310 1312 2361 8,
1345 2310 1396 2349 14
1421 2315 1502 2349 ext.
1535 2310 1554 2348 1
1584 2308 1938 2348 Themistocles
1964 2308 2210 2348 theatrum
2237 2312 2420 2360 petens

119 2386 225 2414 cum
251 2373 647 2426 interrogaretur
673 2373 815 2413 cuius
842 2386 935 2413 vox
962 2371 1131 2413 auditu
1159 2372 1235 2414 ilri
1260 2372 1424 2414 futura
1450 2378 1579 2413 esset
1611 2373 1910 2426 gratissima,
1954 2371 2085 2413 dixit
2114 2370 2238 2411 ‘eius
2265 2384 2291 2410 a
2316 2383 2417 2422 quo

118 2443 253 2478 artes
281 2450 415 2476 meae
443 2438 622 2490 optime
651 2436 924 2497 canentur’,
959 2434 1030 2475 sed
1058 2450 1158 2475 vera
1184 2438 1221 2475 ei
1248 2437 1408 2476 videtur
1435 2435 1593 2475 Paridis
1620 2436 1737 2475 lectio
1764 2436 1979 2475 virtutes
2009 2446 2083 2489 pro
2111 2438 2264 2484 artes,
2301 2445 2420 2487 prae-

118 2500 256 2542 sertim
282 2513 374 2541 cum
401 2499 541 2540 eadem
568 2513 669 2541 voce
697 2498 840 2541 Cicero
866 2514 907 2554 p.
935 2499 1087 2541 Archia
1114 2502 1140 2551 ξ
1167 2496 1220 2541 20
1261 2514 1354 2541 usus
1394 2501 1456 2541 sit.
1513 2499 1584 2540 sed
1626 2499 1835 2539 videamus
1875 2500 2114 2551 scriptorum
2148 2495 2287 2536 verba.
2344 2497 2422 2535 Pa-

118 2564 174 2603 ris
202 2564 306 2603 dixit
330 2564 450 2614 eius,
493 2577 519 2602 a
558 2577 651 2616 quo
693 2564 906 2602 virtutes
946 2577 1062 2603 suae
1104 2563 1283 2616 optime
1323 2563 1653 2613 reserrentur,
1696 2561 1838 2602 Cicero
1879 2558 2237 2601 Themistocles
2272 2557 2424 2609 dixit,

118 2639 223 2667 cum
249 2638 307 2667 ex
334 2638 390 2666 eo
418 2632 762 2680 quaereretur,
792 2625 920 2679 quod
948 2640 1170 2667 acroama
1198 2632 1279 2666 aut
1305 2628 1442 2666 cuius
1469 2639 1636 2665 vocem
1670 2624 2002 2665 libentissime
2037 2622 2263 2672 audiret,
2298 2623 2423 2671 cius,

118 2702 146 2730 a
171 2702 267 2744 quo
292 2702 379 2729 sua
404 2689 565 2729 virtus
593 2689 771 2744 optime
797 2688 1196 2743 praedicaretur.
1250 2689 1347 2744 quid
1374 2688 1526 2730 multa?
1580 2701 1708 2739 nem0,
1739 2689 1891 2742 opinor,
1920 2686 2090 2728 verbum
2119 2700 2144 2726 a
2184 2685 2300 2726 codd.
2334 2691 2415 2724 tra—

118 2752 247 2793 ditum
273 2766 414 2792 sanum
431 2765 518 2791 esse
535 2765 618 2792 non
634 2752 850 2805 intelleget.
892 2752 1016 2805 quid?
1042 2754 1076 2791 si
1094 2752 1190 2792 talia
1208 2752 1391 2792 Halmius
1409 2750 1661 2792 emendanda
1674 2764 1760 2791 esse
1774 2756 1899 2803 putat,
1924 2763 1997 2789 cur
2010 2747 2169 2789 Paridis
2186 2746 2315 2788 verba
2335 2747 2370 2797 7,
2395 2745 2426 2784 2

118 2820 204 2857 ext.
229 2815 255 2855 2
281 2814 407 2855 idem
434 2814 803 2868 compendiaria
830 2815 911 2855 via
937 2815 1136 2855 iuvenes
1163 2814 1225 2855 ad
1243 2814 1447 2868 gloriam
1465 2815 1727 2868 pervenire
1747 2812 1965 2864 dicebat,
1995 2813 2077 2866 qui
2095 2812 2170 2852 ita
2184 2814 2426 2863 agerent,
