2615 3278
1156 79 1427 119 -14-

107 174 110 177 ·
129 202 231 253 Μ
267 196 467 237 itinere
506 208 580 251 pm
615 209 748 238 rure
811 193 884 236 sed
919 195 961 235 in
998 194 1269 248 epitomatoris
1304 207 1463 249 quoque
1499 192 1633 236 verbis
1669 194 1858 236 mendum
1891 196 2111 239 tollendum
2151 203 2228 273 est.¹
2287 199 2430 244 aab·

104 260 429 301 reveniens.

252 355 255 358 .
322 321 361 375 ὃ,
391 322 428 375 8,
461 323 478 363 l
528 321 585 365 M.
624 321 792 363 Antonii
845 334 1006 372 servus,
1062 320 1172 374 quod
1224 322 1409 375 quamvis
1462 319 1697 361 verberibus
1749 321 1948 362 laceratus
1999 323 2276 378 lamminisque
2328 334 2427 379 ean·

131 384 322 427 dentibus
376 390 505 437 ustus,
560 389 606 425 ut
657 383 860 424 dominum
914 383 1108 424 incestum
1162 383 1301 425 fecisse
1355 383 1558 436 fateretur,
1613 384 1812 426 constanti
1863 385 1997 426 animo
2041 399 2180 428 omnes
2222 384 2425 430 cruciatus

135 448 312 502 pertulit,
341 461 533 489 omnem
560 447 661 486 vim
687 447 1051 486 accusationis
1078 446 1347 487 custodita
1373 447 1450 486 rei
1477 446 1649 486 salute
1675 446 1954 488 subvertit.
2010 448 2053 488 in
2077 434 2423 491 hisEborlm-dns

133 510 160 553 l.
190 510 217 552 l.
244 525 284 565 p.
306 510 404 563 163,
433 509 542 564 quod
567 508 618 550 de
644 510 808 562 ratione,
840 523 945 564 quae
972 510 1077 550 inter
1101 522 1263 550 servum
1289 516 1330 550 et
1356 524 1470 551 reum
1495 510 1736 562 intercedat,
1774 524 1905 551 sermo
1932 513 2003 563 sit,
2041 526 2114 564 pro
2140 515 2218 553 rei
2244 513 2423 557 scriba-e

136 574 228 616 vult
254 574 377 615 heri.
433 571 629 628 equidem,
656 573 733 613 etsi
761 572 838 613 hoe
864 572 1091 628 exemplum
1118 573 1290 627 primum
1316 578 1379 614 est
1405 586 1554 626 eorum,
1577 569 1728 628 quibus
1747 572 1934 615 Valerius
1961 575 2082 616 etiam
2100 588 2320 630 servorum,
2348 577 2420 634 qui

106 648 109 654 '
133 652 212 678 sua
237 639 413 691 ipsorum
440 638 528 676 vita
554 636 724 676 salutem
752 636 1004 677 dominorum
1031 638 1225 690 potiorem
1251 637 1461 688 duxerint,
1503 636 1642 688 fidem,
1685 650 1790 690 quae
1829 639 1943 677 iustis
1982 638 2169 679 laudibus
2208 636 2417 692 ecferatur,

132 702 301 754 dignam
329 713 415 740 esse
442 699 579 751 docet,
621 705 756 740 tamen
783 700 860 739 rei
887 699 1127 740 vocabulum
1154 699 1207 739 ab
1234 698 1417 739 omnibus
1444 699 1559 739 codd.
1588 699 1780 739 traditum
1806 700 1954 741 adduci
1979 714 2061 740 non
2096 713 2259 754 possum
2294 707 2366 741 ut
2373 702 2420 742 in

134 763 245 804 heri
274 753 511 802 mutandum
539 775 626 801 esse
654 775 851 802 censeam.
908 762 1055 801 etenim
1082 775 1200 814 quem
1229 761 1448 801 Antonium
1474 762 1587 801 initio
1614 761 1788 815 exempli
1822 763 1964 802 incesti
1996 776 2110 803 reum
2145 762 2298 803 factum
2330 777 2420 804 em

133 825 327 877 videmus,
365 823 544 864 eiusdem
578 825 638 864 rei
673 824 781 864 salus
815 838 842 864 a
876 837 992 864 servo
1028 824 1174 869 dicitur
1199 824 1397 865 custodita
1423 837 1521 865 esse.
1577 837 1707 879 neque
1734 823 1845 865 heri
1875 824 2070 866 vocabulo
2098 825 2287 867 Valerius
2319 839 2418 866 usus

134 893 262 939 esset„
282 889 317 927 si
343 887 399 939 id,
427 887 536 940 quod
563 887 821 928 Eberhardus
848 887 945 938 vult,
974 888 1199 940 exprimere
1227 887 1429 938 voluisset,
1457 887 1527 926 sed
1555 887 1760 927 domini.
1814 887 1913 926 illud
1940 889 2046 927 enim
2077 889 2263 941 scriptor,
2306 889 2416 942 quod

131 963 209 1003 ego
236 950 371 1002 sciam,
401 956 442 991 et
467 951 500 990 si
527 950 628 998 fides
655 949 777 991 indici
805 948 1017 990 verborum
1044 963 1070 989 a
1096 950 1290 990 Torrenio
1318 951 1534 1003 composito
1563 949 1750 990 habenda
1776 957 1847 1002 est,
1876 963 2080 1003 nunquam
2106 952 2334 1003 usurpavit.

327 1024 362 1076 7,
392 1024 418 1063 2
446 1028 526 1064 ext.
558 1023 610 1064 10
636 1023 736 1064 haee
753 1023 795 1063 in
813 1022 923 1063 libris
942 1028 1034 1064 sunt
1058 1035 1174 1076 age,
1204 1021 1436 1077 Philippi
1463 1036 1609 1077 quam
1635 1022 1931 1077 probabilis
1958 1023 2205 1078 epistola,
2235 1025 2286 1066 in
2314 1023 2416 1080 qussa

132 1087 494 1128 Alexandrum
522 1087 840 1141 quorundam
856 1086 1192 1127 Macedonum
1219 1085 1634 1127 benivolentiam
1661 1086 1951 1140 largitione
1976 1087 2039 1127 ad
2055 1101 2107 1128 se
2125 1087 2411 1131 adtrahere

131 1156 370 1191 conatum
398 1151 473 1190 sie
500 1151 786 1204 increpuit:
825 1151 974 1203 ‘quae
1001 1156 1069 1200 te,
1108 1149 1211 1200 fili,
1250 1150 1386 1189 ratio
1422 1150 1473 1189 in
1509 1149 1640 1189 hanc
1665 1155 1767 1190 tam
1795 1163 1979 1190 vanam
2005 1163 2143 1204 spem
2170 1150 2409 1203 induxit,

101 1219 185 1254 *ut
212 1226 298 1253 eos
324 1212 423 1253 tibi
450 1212 643 1253 fideles
671 1213 875 1254 futuros
903 1213 1259 1263 existimares,
1288 1226 1412 1265 quos
1439 1213 1662 1264 pecunia
1687 1212 1750 1252 ad
1781 1225 2002 1253 amorem
2037 1214 2114 1253 tui
2149 1214 2414 1255 contulit·-

132 1276 262 1316 ses?'
317 1289 343 1316 a
370 1276 596 1316 caritate
625 1275 766 1316 istud
792 1281 942 1329 pater
970 1288 1096 1315 avus
1125 1288 1147 1315 ο
1174 1274 1449 1328 Philippus
1476 1274 1669 1315 maiore
1696 1284 1769 1315 ex·
1785 1281 1934 1329 parte
1961 1281 2219 1317 mercator
2244 1274 2414 1318 Grae-
2445 1304 2452 1313 ·

132 1340 245 1378 ciae
273 1353 420 1392 quam
447 1340 620 1378 victor
648 1344 722 1380 cet.
777 1340 819 1378 in
846 1338 990 1391 quibus
1017 1338 1151 1377 verbis
1178 1338 1356 1390 intellegi
1383 1351 1464 1377 non
1489 1343 1630 1390 potest,
1659 1337 1768 1390 quod
1794 1339 1836 1377 in
1863 1338 1950 1378 eod.
1979 1338 2027 1378 B.
2055 1344 2188 1378 exstat
2213 1351 2345 1379 avus
2371 1352 2413 1391 ς.

131 1401 185 1442 ad
213 1400 435 1441 sanandum
462 1401 593 1442 locum
621 1401 735 1441 varia
767 1403 963 1454 temptata
1000 1406 1104 1442 sunt.
1159 1401 1390 1440 Perizonius
1423 1400 1593 1440 coniecit
1628 1399 1978 1452 conpulisses,
2016 1414 2114 1441 non
2149 1398 2411 1450 caritate}

132 1463 278 1503 istud
305 1470 457 1516 pater
484 1464 606 1503 eius.
661 1463 918 1503 Foertschius
944 1476 1043 1516 qua
1070 1463 1298 1503 caritate
1326 1462 1467 1502 istud
1493 1468 1642 1516 pater
1668 1468 1790 1502 nato
1817 1475 1917 1502 suo,
1972 1462 2043 1503 sed
2060 1463 2202 1503 horum
2222 1466 2409 1510 neutrum

131 1525 296 1579 probari
321 1531 463 1578 potest.
517 1540 612 1565 nam
639 1532 827 1578 corrupta
853 1525 979 1565 verba
1006 1526 1236 1566 coniectura
1261 1524 1442 1564 sananda
1472 1538 1558 1564 esse
1587 1531 1695 1577 puto,
1730 1538 1822 1575 non,
1858 1531 1903 1564 ut
1935 1524 2072 1578 aliqua
2097 1525 2296 1566 efficiatur
2322 1539 2410 1566 seu·

132 1588 269 1640 tentia,
298 1601 398 1628 sana
424 1588 628 1630 mutanda.
675 1587 782 1641 quod
810 1588 884 1628 etsi
902 1587 1085 1628 Halmius
1112 1594 1278 1628 conatus
1297 1592 1367 1639 est,
1397 1587 1464 1640 qui
1483 1587 1688 1641 proposuit
1715 1593 1884 1640 pater:
1912 1593 1964 1628 at
1989 1601 2081 1627 rex
2107 1587 2410 1642 Philippus,

131 1656 265 1692 tamen
292 1652 390 1704 ipse,
419 1664 515 1690 num
542 1664 683 1690 verum
713 1651 1021 1703 excogitaverit,
1055 1650 1216 1690 videtur
1242 1649 1444 1701 dubita-re,
1483 1652 1630 1704 quippe
1659 1650 1728 1703 qui
1756 1649 1860 1690 hane
1887 1649 2206 1691 emendationem
2232 1651 2276 1692 in
2302 1650 2406 1692 ordi-

130 1727 222 1755 nem
250 1713 464 1754 verborum
489 1704 576 1753 non*
596 1715 803 1768 receperit.
858 1714 975 1764 mihi,
1019 1714 1051 1753 si
1089 1713 1187 1767 quid
1223 1714 1315 1753 licet
1355 1714 1397 1753 in
1434 1713 1520 1753 loeo
1556 1719 1640 1753 tam
1673 1712 1883 1767 desperato
1911 1714 2127 1767 suspicari,
2169 1715 2410 1768 exquisitius

130 1776 283 1831 aliquid
310 1777 472 1818 videtur
499 1778 689 1831 scriptum
716 1776 838 1817 fuisse
865 1775 976 1817 velut
1011 1792 1036 1817 a
1072 1778 1297 1818 caritate
1334 1777 1474 1817 istud
1511 1783 1662 1829 pater
1697 1782 1962 1817 mutuatus
1997 1783 2077 1816 est
2113 1776 2409 1831 Philippus.

130 1840 181 1882 cf.
211 1841 302 1880 Liv.
329 1840 394 1891 30,
417 1841 467 1879 12
484 1840 552 1880 fin.
580 1839 642 1881 ab
670 1853 839 1880 amore
866 1841 1198 1880 temerarium
1226 1845 1379 1893 atque
1406 1839 1678 1892 impudens
1705 1839 1981 1879 consilium
2006 1845 2284 1879 mutuatur.
2331 1853 2409 1879 nee

128 1909 191 1943 est
217 1916 242 1942 a
269 1902 433 1942 Valerio
460 1903 536 1942 hoc
562 1902 732 1956 verbum·
757 1903 930 1951 alienum
957 1902 1006 1942 cf.
1037 1903 1072 1953 7,
1102 1903 1139 1954 4,
1166 1903 1207 1953 33
1245 1903 1281 1953 2,
1320 1903 1355 1953 7,
1387 1902 1438 1941 12
1473 1901 1677 1955 aliquid
1712 1901 1773 1940 ab
1808 1901 2137 1942 alienissima
2172 1901 2410 1942 crudeli-

129 1970 239 2006 tate
267 1964 640 2005 amaritudinis
667 1966 906 2005 mutuari.

320 2028 589 2069 Transeamus
616 2028 670 2069 ad
698 2028 734 2080 8,
767 2029 787 2067 1
816 2028 921 2070 amb.
951 2029 985 2080 1,
1015 2028 1084 2068 ubi
1112 2028 1211 2069 haec
1237 2029 1279 2068 in
1307 2027 1420 2068 bonis
1447 2026 1558 2067 libris
1583 2033 1685 2079 sunt,
1724 2034 1879 2081 atque
1906 2034 1959 2068 ut
1987 2041 2072 2067 eos
2097 2041 2302 2081 quoque
2329 2041 2412 2068 re-

130 2091 377 2143 feramus,
408 2092 495 2145 qui
521 2092 571 2131 in
600 2090 882 2131 discrimen
911 2092 1105 2145 capitis
1131 2091 1346 2132 adducti
1373 2104 1537 2144 neque
1566 2090 1796 2131 damnati
1823 2104 1988 2145 neque
2014 2090 2408 2144 absolutisunt,

130 2154 268 2207 apud
294 2155 349 2194 Μ.
377 2154 636 2207 Popilium
665 2155 945 2194 Laenatem
972 2161 1266 2206 praetorem
1293 2153 1563 2206 quaedam,
1602 2154 1735 2206 quod
1770 2151 1983 2193 matre'm
2018 2154 2157 2193 fuste
2193 2167 2408 2206 percus·
2460 2174 2464 2176 -

129 2229 232 2256 sam
260 2216 622 2268 interemerat,
662 2230 867 2257 causam
905 2216 1053 2257 dixit.
1109 2216 1168 2256 de
1205 2229 1302 2270 qua
1337 2222 1573 2256 neutram
1608 2216 1659 2255 in
1694 2223 1893 2270 partem
1928 2216 2071 2256 latae
2106 2216 2413 2256 sententiae*

129 2285 269 2330 sunt,
299 2280 421 2333 quia
446 2278 649 2319 abunde
677 2279 955 2320 constabat
981 2279 1192 2320 eandem
1217 2292 1418 2320 veneno
1444 2284 1745 2319 necatorum
1773 2278 2057 2320 liberorum
2094 2275 2409 2331 conmotam,

129 2355 256 2395 quos
283 2343 405 2383 avia
430 2342 582 2383 filiae
610 2343 818 2383 infensa
853 2343 1163 2394 sustulerat,
1199 2342 1544 2396 parricidium
1580 2342 1736 2382 ultam
1775 2356 1887 2382 esse
1922 2342 2226 2395 parricidio.
2281 2355 2406 2395 quo·

128 2418 235 2446 rum
271 2404 493 2446 alterum
529 2405 750 2457 ultione,
789 2404 1378 2447 alterum'absolutione
1413 2418 1511 2446 non
1548 2404 2084 2458 dignum‘indicatum
2117 2411 2207 2446 est.
2261 2405 2305 2444 in
2345 2404 2412 2444 his

129 2474 311 2507 extrema
336 2473 465 2508 verba
488 2481 606 2508 nemo
632 2482 713 2509 non
739 2468 853 2508 videt
875 2475 1063 2522 corrupta
1090 2480 1197 2522 esse}
1232 2469 1390 2509 facinus
1411 2468 1521 2512 onim
1546 2469 1665 2509 aviae
1691 2481 1717 2509 a
1740 2467 1940 2509 iudicibus
1966 2460 2118 2509 ultidne
2143 2467 2314 2521 dignum
2347 2468 2411 2525 iu·

129 2529 306 2577 dicatum
330 2537 402 2571 est.
456 2530 660 2572 lenissima
682 2532 808 2585 igitur
833 2532 1052 2572 mutatione
1078 2531 1244 2585 Pighius
1271 2532 1402 2572 locum
1434 2532 1614 2582 sanavit,
1650 2544 1744 2571 cum
1770 2545 1793 2570 e
1819 2530 1977 2571 duobus
2001 2530 2120 2571 codd.
2156 2529 2414 2588 interpolatis

129 2599 220 2647 post
244 2593 447 2640 ultione
472 2592 666 2634 insereret
690 2594 740 2634 di
748 2608 912 2647 gnum.
967 2595 1032 2634 cui
1059 2590 1267 2647 Kempfius
1292 2594 1351 2634 ita
1376 2591 1610 2644 adsentitur,
1635 2599 1690 2645 ut,
1726 2593 1835 2647 quod
1861 2593 2054 2634 damnum
2069 2599 2073 2603 “
2090 2589 2326 2645 archetypo·
2350 2593 2426 2631 in-

127 2654 254 2696 lutum
281 2657 344 2707 sit,
372 2655 415 2696 id
439 2655 516 2696 hac
540 2656 696 2697 ratione
723 2657 870 2710 optime
897 2657 1034 2696 sarciri
1062 2662 1240 2708 censeat,
1277 2655 1349 2697 sed
1371 2670 1513 2710 parum
1539 2656 1744 2709 eleganter
1769 2655 1876 2696 idem
1902 2655 2073 2696 verbum
2098 2655 2312 2708 dignum
2345 2653 2410 2694 bis
2474 2650 2477 2653 ’

98 2727 100 2730 ’
127 2718 297 2773 proferri
322 2718 481 2760 obiciat.
535 2718 720 2761 Halmius
746 2733 844 2760 non
871 2718 1029 2760 inclusit
1055 2719 1221 2772 Paridis,
1261 2720 1337 2761 nisi
1363 2719 1489 2771 fallor,
1532 2720 1769 2760 auctoritate
1794 2725 1942 2770 motus,
1986 2719 2055 2773 qui
2083 2718 2312 2772 exemplum
2344 2718 2406 2777 ita

127 2789 291 2823 enarrat
313 2782 584 2836 quaedam,
613 2783 746 2836 quod
769 2789 980 2824 matrem
1005 2784 1365 2834 interemerat,
1395 2782 1539 2823 dicta
1564 2795 1721 2823 causa
1747 2782 1991 2843 absoluta
2010 2787 2107 2833 est,
2136 2782 2260 2834 quia
2280 2793 2411 2839 conf
