2442 3365
0 0 279 56 mg..
299 8 300 11 ¹
320 0 357 32 1‘
380 1 403 35 ·.
431 0 434 1 ⁷
1079 64 1083 67 μ

43 210 280 253 Romano
313 209 534 263 imperio
569 208 849 248 minantem
884 206 1105 248 Veturia
1138 211 1386 247 mater·et
1419 207 1697 249 Volumnia
1730 221 1863 250 uxor
1905 209 2165 251 nefarium
2198 222 2330 264 opus

42 272 241 327 exequi
266 269 517 326 precibus
543 270 651 310 suis
678 281 864 324 passae
890 281 988 308 non
1014 273 1145 310 sunt.
1198 268 1326 309 verba
1349 270 1557 323 patriae
1582 276 1857 311 conantem
1883 277 2025 327 aperte
2051 272 2329 329 corruptaho-

41 335 174 376 mines
198 334 309 375 docti
336 334 460 386 variis
486 333 725 373 coniecturis
751 330 966 372 emendare
992 332 1125 371 conati
1152 337 1255 383 sunt,
1284 346 1452 385 quorum
1482 333 1552 373 alii
1578 333 1827 374 intercidisse
1854 334 2008 388 aliquid
2033 334 2219 376 arbitrati
2234 349 2328 390 sup·
2354 331 2361 338 “

44 397 252 452 plementa
276 397 524 437 intruserunt
550 395 663 436 velut
688 393 898 448 Kempfius
932 394 1140 466 patriae
1176 395 1621 448 expugnationem
1656 403 1931 437 conantem
1958 402 2000 438 et
2026 396 2212 439 Halmius
2237 411 2327 454 pa·

41 461 187 501 triae
214 471 354 499 arma
378 456 579 498 inferre
606 471 663 510 c.,
702 457 771 497 alii
796 455 924 497 verba
947 457 1036 509 ipsa
1061 463 1332 498 correxerunt.
1387 458 1451 497 Ac
1477 457 1734 498 Foertschius
1760 459 1923 512 quidem
1950 460 2143 500 coniecit
2153 459 2328 501 scriben-

42 523 145 564 dum
170 534 258 562 esse
284 522 459 577 patria
486 527 767 573 carentem.
823 518 1007 574 equidem
1033 532 1253 573 proponam
1284 521 1490 575 patriae
1526 522 1863 576 irascentem,
1899 522 1950 563 cf.
1978 522 2016 576 5,
2045 524 2084 577 4,
2117 525 2137 563 1
2167 523 2327 565 Vetu-

43 586 146 637 ria,
176 584 449 626 Coriolani
476 590 660 636 mater,
688 583 1014 625 Volumniam
1040 596 1250 622 uxorem
1276 584 1386 624 eius
1412 584 1863 626 etliberossecam
1881 585 2116 639 trahens,
2145 593 2327 628 eastra

43 648 358 689 Volscorum
383 648 554 702 petiit.
609 660 755 700 quam
782 645 870 686 ubi
896 644 1045 686 filius
1071 647 1299 700 aspexit,
1331 647 1688 701 ‘expugnasti'
1716 649 1920 702 inquit‘
1929 649 2325 690 etvicistiiram

40 725 222 764 meam,
250 712 445 766 patria,
472 709 719 765 precibus
745 709 897 750 huius
924 708 1165 762 admotis,
1204 710 1351 750 cuius
1384 716 1531 751 utero
1558 712 1796 765 quamvis
1822 712 2006 752 merito
2034 712 2156 753 mihi
2185 713 2325 754 invi·

41 788 149 815 sam
175 773 346 826 dono’,
376 775 730 826 continuoque
758 785 935 826 agrum
962 772 1237 812 Romanum
1264 772 1550 813 hostilibus
1577 775 1733 814 armis
1759 774 2026 815 liberavit.
2064 775 2158 816 Liv.
2189 775 2228 827 2,
2257 775 2322 827 35,

44 838 75 877 6
100 837 377 878 damnatus
412 835 600 876 absens
632 837 681 875 in
719 835 937 876 Volscos
972 835 1238 875 exulatum
1274 834 1427 888 abiit,
1465 836 1716 876 minitans
1751 838 1958 890 patriae
1994 837 2324 892 hostilesque
2365 847 2373 852 ·

43 901 145 940 iam
170 906 273 940 tum
300 894 523 953 spiritus
550 911 753 951 gerens.
809 898 1116 939 Venientem
1140 897 1320 939 Volsci
1355 898 1583 952 benigne
1618 913 1895 954 excepere,
1933 899 2324 955 benigniusque

46 964 100 1004 in
128 963 242 1004 dies
269 961 535 1014 colebant,
576 974 672 1015 quo
698 961 963 1019 maior-ira
989 961 1040 1000 in
1067 974 1185 1001 suos
1212 961 1492 1014 eminebat,
1531 961 1855 1018 crebraeque
1882 977 2015 1003 nunc
2051 963 2326 1017 querellae

45 1039 183 1068 nunc
209 1026 377 1066 minae
403 1024 874 1079 percipiebantur.⁴
906 1024 1139 1078 hospitio
1165 1023 1412 1066 utebatur
1438 1026 1551 1066 Atti
1580 1026 1724 1066 Tulli
1843 1027 1919 1067 ita
1955 1039 2064 1067 cum
2100 1026 2323 1068 alterum

45 1096 200 1137 vetus
228 1088 419 1139 odium,
449 1088 670 1128 alterum
699 1086 993 1140 (Coriolanum)
1018 1087 1097 1126 ira
1122 1100 1305 1127 recens
1332 1088 1632 1129 stimularet
1658 1095 1733 1129 cet.

244 1152 282 1204 5,
302 1151 339 1204 6,
371 1151 452 1191 Sin
470 1165 538 1191 vv.
568 1164 693 1204 quos
720 1150 781 1191 ob
808 1149 1067 1203 insignem
1094 1163 1316 1204 pugnam
1341 1150 1634 1193 Beneventi
1661 1165 1811 1192 manu
1834 1153 2048 1193 miserat
2066 1151 2328 1193 Eberhardus

43 1215 72 1254 1.
101 1214 126 1255 1.
153 1229 195 1270 p.
224 1214 301 1254 163
328 1227 549 1268 pugnam
575 1213 868 1253 Beneventi
894 1226 945 1252 ne
972 1226 998 1252 a
1017 1209 1352 1267 Valerioquidem
1368 1213 1447 1253 dici
1464 1214 1638 1267 potuisse
1669 1221 1781 1255 ratus
1808 1228 2030 1268 pugnam
2059 1216 2328 1256 Beneven-

46 1285 221 1318 tanam
250 1277 504 1317 scribendum
534 1291 620 1316 esse
649 1278 884 1330 suspicatur.
938 1276 1021 1315 sed-
1035 1276 1153 1316 homo
1180 1276 1317 1319 doctus
1345 1290 1488 1316 vereor
1513 1291 1564 1317 ne
1591 1278 1699 1330 quod
1736 1278 1903 1318 latinum
1940 1285 1999 1318 est
2036 1279 2229 1319 damnare
2265 1293 2328 1319 co-

48 1347 187 1394 netur-3
213 1339 309 1381 vide
336 1341 454 1393 enim,
482 1339 578 1394 quid
605 1339 789 1380 Kleinius
815 1339 857 1380 in
884 1337 1016 1380 libello
1044 1338 1289 1391 scholastico,
1327 1353 1446 1394 quem
1482 1353 1518 1380 a.
1549 1339 1653 1380 1866
1680 1339 1846 1381 Cleviae
1873 1340 1925 1382 de
1951 1342 2131 1396 genetivi
2158 1356 2233 1383 usu
2259 1341 2325 1383 Li-

49 1405 173 1444 viano
200 1403 338 1455 edidit,
365 1418 405 1458 p.
435 1405 485 1443 15
512 1404 635 1443 dicat:
666 1402 985 1456 frequentissima
1009 1402 1109 1442 haec
1135 1408 1248 1442 sunt:
1277 1417 1414 1455 pugna
1440 1403 1682 1456 Cannensis,
1711 1404 1921 1456 Alliensis,
1950 1405 2051 1456 alia,
2081 1418 2325 1459 quamquam

48 1480 172 1520 saepe
198 1467 340 1507 Livius
367 1466 556 1519 genetivo
584 1465 713 1505 locum
739 1479 966 1519 pugnarum
991 1464 1162 1505 indicat:
1188 1479 1324 1518 pugna
1350 1465 1593 1518 Cannarum,
1622 1466 1900 1519 Trasymenni,
1931 1467 2117 1508 Trebiae.

239 1529 277 1582 6,
308 1531 343 1582 1,
372 1529 397 1569 6
426 1529 526 1578 haec
554 1530 703 1582 scripta
730 1533 823 1568 sunt
848 1528 1072 1568 dicerem
1100 1528 1392 1569 censorium
1419 1529 1585 1569 virum
1611 1530 1763 1569 nimis
1790 1536 2019 1570 atrocem
2050 1531 2321 1583 extitisse,

51 1594 154 1634 nisi
182 1593 227 1635 P.
256 1591 476 1634 Atilium
503 1591 788 1633 Philiscum
814 1592 863 1632 in
890 1592 1122 1645 pueritia
1148 1605 1362 1645 corpore
1390 1599 1659 1645 quaestum
1686 1606 1712 1633 a
1739 1592 1943 1633 domino
1971 1593 2149 1634 facere
2177 1607 2326 1635 coac-

53 1664 159 1697 tum
186 1662 286 1696 tam
314 1670 552 1696 severum
579 1662 762 1710 postea
787 1652 983 1708 patrem
1014 1668 1288 1695 cernerem.
1341 1655 1510 1696 filiam
1538 1657 1669 1695 enim
1695 1669 1855 1708 suam,
1889 1657 2023 1710 quod
2050 1658 2125 1697 ita
2151 1659 2325 1711 stupri

52 1734 105 1760 se
133 1720 350 1760 crimine
378 1719 837 1772 coinquinaverat,
866 1718 1144 1758 interemit.
1200 1718 1248 1758 In
1275 1718 1335 1757 his
1361 1718 1496 1759 verbis
1523 1732 1596 1772 pro
1617 1719 1812 1759 'mendoso
1838 1720 1933 1772 ita,
1961 1720 2069 1772 quod
2096 1721 2138 1760 in
2165 1720 2253 1761 cod.
2273 1721 2322 1761 Β.

51 1788 195 1835 exstat,
224 1781 277 1822 ab
296 1771 492 1822 Halmio
480 1794 595 1835 ipsa
621 1781 811 1835 scriptum
838 1787 909 1822 est.
963 1780 1072 1821 haud
1100 1781 1191 1832 scio,
1221 1782 1358 1835 inquit,
1389 1795 1441 1822 an
1468 1783 1601 1836 aptius
1628 1783 1678 1822 sit
1704 1782 1840 1837 quod
1866 1783 1980 1837 ipsa
2006 1796 2058 1822 se
2085 1783 2324 1837 coinqui-

49 1851 292 1896 naverat3
317 1851 436 1897 pater
465 1845 570 1884 enim
596 1844 754 1896 puellae
781 1857 807 1883 a
829 1844 987 1883 domino
1015 1844 1068 1883 ad
1092 1850 1272 1897 stuprum
1299 1849 1546 1906 coactuepsse
1572 1852 1759 1885 narratur
1786 1846 1878 1897 (em.
1907 1847 1959 1886 V.
1986 1860 2026 1899 Ρ.
2053 1846 2104 1885 27
2115 1846 2158 1898 ..)
2194 1859 2324 1898 neque

49 1921 148 1949 vero
174 1907 261 1948 iure
287 1906 355 1947 ille
383 1906 507 1947 filiam
533 1920 559 1947 a
585 1911 698 1961 patre
725 1905 815 1947 ideo
842 1906 1090 1947 interfectam
1118 1920 1204 1946 esse
1230 1912 1360 1960 putat,
1403 1906 1512 1960 quod
1537 1921 1617 1948 non
1644 1913 1690 1948 ut
1727 1909 1812 1962 ipse
1848 1907 1902 1949 ab
1937 1907 2016 1949 alio
2052 1907 2106 1949 ad
2143 1914 2324 1962 stuprum

49 1976 202 2024 coacta,
233 1970 303 2010 sed
332 1983 428 2010 suae
455 1968 611 2010 libidini
639 1969 840 2010 obsecuta
855 1975 969 2010 esset.
1024 1969 1120 2022 quid
1144 1970 1312 2023 scriptor
1337 1970 1491 2022 sentiat,
1520 1976 1702 2011 extrema
1718 1970 1836 2012 huius
1851 1970 2023 2025 exempli
2038 1971 2165 2012 verba
2177 1970 2323 2021 docent

62 2048 213 2089 quam
240 2039 470 2074 sanctam
497 2033 665 2087 igitur
691 2033 742 2073 in
770 2033 992 2074 civitate
1019 2038 1198 2074 nostra
1223 2033 1531 2087 pudicitiam
1548 2033 1714 2075 fuisse
1732 2034 2039 2075 existimare
2057 2033 2320 2087 debemus,

53 2100 107 2138 in
134 2112 233 2152 qua
260 2098 415 2137 etiam
442 2098 719 2136 institores
746 2095 990 2136 libidinis
1016 2103 1115 2136 tam
1152 2111 1362 2137 severos
1398 2098 1509 2136 eius
1545 2098 1785 2152 vindices
1821 2098 2056 2137 evasisse
2092 2098 2323 2138 animad-

52 2160 339 2204 vertimus?
394 2161 427 2200 is
453 2161 576 2214 igitur
602 2167 756 2201 tantum
782 2159 895 2201 abest
922 2167 967 2201 ut
992 2167 1145 2214 patrem
1174 2161 1399 2213 ignoturum
1426 2161 1547 2202 fuisse
1574 2161 1679 2219 (iliae
1706 2161 1833 2213 dicat,
1875 2162 1909 2201 si
1935 2175 2016 2202 non
2052 2158 2142 2216 ipsa
2175 2176 2218 2202 se
2253 2176 2323 2202 vo-

53 2223 274 2280 luptatibus
301 2223 495 2277 dedisset,
497 2241 506 2248 ¹
537 2220 581 2265 ut
608 2224 861 2265 severitatem
889 2223 1049 2264 Philisci
1074 2224 1236 2265 summis
1261 2223 1445 2265 laudibus
1472 2231 1606 2277 ornet,
1648 2225 1717 2278 qui
1743 2223 1849 2265 filiae
1883 2230 2083 2279 stuprum,
2128 2225 2203 2266 etsi
2236 2225 2322 2280 ipse

52 2302 157 2344 puer
183 2289 290 2328 idem
318 2289 578 2340 commiserat,
606 2293 732 2327 morte
760 2285 949 2327 luendum
974 2301 1060 2327 esse
1086 2289 1300 2341 putaverit.
1353 2301 1482 2342 neque
1508 2289 1638 2327 minus
1664 2287 1832 2327 aliorum
1868 2287 2108 2328 emendandi
2139 2295 2319 2341 conatus,

51 2355 125 2405 qui
151 2359 222 2392 aut
247 2353 351 2391 ista
378 2358 448 2391 aut
468 2353 594 2395 ,item
621 2352 893 2402 coniecerunt,
938 2350 1160 2403 displicent.
1215 2351 1397 2404 equidem
1432 2351 1535 2390 hanc
1570 2365 1723 2402 vocem,
1760 2365 1842 2404 qua
1871 2350 2022 2391 omissa
2058 2353 2184 2392 oratio
2221 2351 2323 2391 bene

50 2414 246 2470 procedit,
272 2413 482 2455 delendam
510 2427 595 2454 esse
619 2419 728 2468 puto.

242 2489 291 2528 In
318 2488 391 2539 his,
433 2501 536 2542 quae
564 2489 599 2540 6,
642 2488 668 2528 5
695 2493 775 2527 ext.
804 2488 841 2526 4.
870 2488 1017 2540 scripta
1044 2486 1225 2526 videmus
1253 2487 1556 2527 Charondae
1593 2488 1820 2528 Thurius
1856 2488 1918 2527 ad
1953 2488 2054 2527 vim
2089 2494 2140 2526 et
2174 2500 2321 2526 cruo-

51 2565 155 2590 rem
191 2565 351 2604 usque
388 2551 673 2591 seditiosas
708 2551 980 2589 contiones
1014 2550 1206 2590 civium
1241 2558 1527 2603 pacaverat
1562 2550 1679 2602 lege
1724 2550 1957 2590 cavendo
1998 2557 2072 2601 ut,
2121 2551 2161 2588 si
2207 2550 2323 2602 quis

51 2627 139 2656 eas
165 2628 275 2655 cum
310 2614 450 2655 ferro
486 2615 759 2666 intrasset,
795 2612 1043 2654 c‘ontinuo
1080 2612 1493 2655 interficeretur.
1548 2614 1832 2656 interiecto
1869 2613 2056 2655 deinde
2092 2619 2323 2667 tempore

51 2692 75 2716 e
120 2678 407 2730 longinquo
451 2692 569 2717 rure
613 2678 791 2730 gladio
835 2678 1039 2716 cinctus
1084 2677 1280 2716 domum
1328 2676 1720 2729 repetens.cet.,
1767 2678 1911 2717 vellem
1956 2679 2076 2727 scire,
2122 2676 2322 2730 quomodo

50 2740 231 2781 homines
257 2739 364 2783 d'octi
386 2756 503 2783 rure
530 2741 797 2782 intellexerint
810 2772 821 2793 ,
861 2754 936 2793 ego
962 2753 1043 2781 non
1069 2739 1268 2794 intellego.
1323 2740 1419 2795 quid
1458 2740 1712 2782 scribendum
1753 2741 1827 2793 sit,
1868 2741 1981 2782 Paris
2021 2739 2139 2781 docet
2152 2771 2165 2793 ,
2209 2741 2323 2781 cuius

50 2804 153 2844 haec
202 2802 329 2845 verba
386 2812 477 2845 sunt
530 2806 666 2845 forte
719 2818 784 2844 ex
838 2804 1124 2858 longinquo
1177 2805 1368 2845 itinere
1429 2805 1657 2844 veniens.
1738 2804 1872 2857 itaque
1926 2803 2183 2845 scribendum
2235 2817 2322 2844 esse
