<?xml version="1.0" encoding="UTF-8"?>
<!DOCTYPE html PUBLIC "-//W3C//DTD XHTML 1.0 Transitional//EN"
    "http://www.w3.org/TR/xhtml1/DTD/xhtml1-transitional.dtd">
<html xmlns="http://www.w3.org/1999/xhtml" xml:lang="en" lang="en">
 <head>
  <title>
</title>
<meta http-equiv="Content-Type" content="text/html;charset=utf-8" />
  <meta name='ocr-system' content='tesseract 3.04.00' />
  <meta name='ocr-capabilities' content='ocr_page ocr_carea ocr_par ocr_line ocrx_word'/>
</head>
<body>
  <div class='ocr_page' id='page_1' title='image "4768574_0010.png"; bbox 0 0 2615 3278; ppageno 0'>
   <div class='ocr_carea' id='block_1_1' title="bbox 2249 0 2615 123">
    <p class='ocr_par' dir='ltr' id='par_1_1' title="bbox 2249 0 2615 123">
     <span class='ocr_line' id='line_1_1' title="bbox 2249 0 2615 123; baseline 0 3155"><span class='ocrx_word' id='word_1_1' title='bbox 2249 0 2615 123; x_wconf 95' lang='lat' dir='ltr'><strong> </strong></span> 
     </span>
    </p>
   </div>
   <div class='ocr_carea' id='block_1_2' title="bbox 1122 108 1364 148">
    <p class='ocr_par' dir='ltr' id='par_1_2' title="bbox 1122 108 1364 148">
     <span class='ocr_line' id='line_1_2' title="bbox 1122 108 1364 148; baseline 0 -9"><span class='ocrx_word' id='word_1_2' title='bbox 1122 108 1364 148; x_wconf 74' lang='lat'>...4-</span> 
     </span>
    </p>
   </div>
   <div class='ocr_carea' id='block_1_3' title="bbox 0 0 191 186">
    <p class='ocr_par' dir='ltr' id='par_1_3' title="bbox 0 0 191 186">
     <span class='ocr_line' id='line_1_3' title="bbox 0 0 191 186; baseline 0 3092"><span class='ocrx_word' id='word_1_3' title='bbox 0 0 191 186; x_wconf 95' lang='lat' dir='ltr'><strong> </strong></span> 
     </span>
    </p>
   </div>
   <div class='ocr_carea' id='block_1_4' title="bbox 0 216 2456 906">
    <p class='ocr_par' dir='ltr' id='par_1_4' title="bbox 6 207 2387 281">
     <span class='ocr_line' id='line_1_4' title="bbox 90 216 2387 281; baseline 0 -14"><span class='ocrx_word' id='word_1_4' title='bbox 90 225 242 273; x_wconf 71' lang='lat' dir='ltr'><strong>mentis</strong></span> <span class='ocrx_word' id='word_1_5' title='bbox 259 223 464 280; x_wconf 85' lang='lat' dir='ltr'><strong>probaret,</strong></span> <span class='ocrx_word' id='word_1_6' title='bbox 484 216 656 280; x_wconf 83' lang='lat' dir='ltr'><strong>primum</strong></span> <span class='ocrx_word' id='word_1_7' title='bbox 677 239 699 266; x_wconf 90' lang='lat' dir='ltr'><strong>e</strong></span> <span class='ocrx_word' id='word_1_8' title='bbox 718 226 836 281; x_wconf 85' lang='lat' dir='ltr'><strong>primi</strong></span> <span class='ocrx_word' id='word_1_9' title='bbox 851 223 944 267; x_wconf 86' lang='lat' dir='ltr'><strong>libri</strong></span> <span class='ocrx_word' id='word_1_10' title='bbox 963 222 1162 265; x_wconf 82' lang='lat' dir='ltr'><strong>nonnullis</strong></span> <span class='ocrx_word' id='word_1_11' title='bbox 1179 223 1378 278; x_wconf 75' lang='lat' dir='ltr'><strong>capitibus</strong></span> <span class='ocrx_word' id='word_1_12' title='bbox 1396 222 1611 264; x_wconf 88' lang='lat' dir='ltr'><strong>lectionum</strong></span> <span class='ocrx_word' id='word_1_13' title='bbox 1629 221 1832 263; x_wconf 85' lang='lat' dir='ltr'><strong>variarum</strong></span> <span class='ocrx_word' id='word_1_14' title='bbox 1850 229 2117 278; x_wconf 86' lang='lat' dir='ltr'><strong>conspectum,</strong></span> <span class='ocrx_word' id='word_1_15' title='bbox 2145 224 2264 278; x_wconf 88' lang='lat' dir='ltr'><strong>unde,</strong></span> <span class='ocrx_word' id='word_1_16' title='bbox 2278 239 2387 279; x_wconf 83' lang='lat' dir='ltr'><strong>quae</strong></span> 
     </span>
    </p>

    <p class='ocr_par' dir='ltr' id='par_1_5' title="bbox 8 280 2383 343">
     <span class='ocr_line' id='line_1_5' title="bbox 8 280 2383 343; baseline 0 -14"><span class='ocrx_word' id='word_1_17' title='bbox 8 325 13 332; x_wconf 83' lang='lat'>.</span> <span class='ocrx_word' id='word_1_18' title='bbox 35 299 38 333; x_wconf 83' lang='grc' dir='ltr'><strong><em>ζ</em></strong></span> <span class='ocrx_word' id='word_1_19' title='bbox 67 280 201 329; x_wconf 52' lang='grc' dir='ltr'><strong>1’ἱιιίῑοι-</strong></span> <span class='ocrx_word' id='word_1_20' title='bbox 224 293 444 342; x_wconf 79' lang='lat' dir='ltr'><strong>utrumque</strong></span> <span class='ocrx_word' id='word_1_21' title='bbox 472 289 706 343; x_wconf 79' lang='lat' dir='ltr'><strong>scriptorem</strong></span> <span class='ocrx_word' id='word_1_22' title='bbox 731 287 998 329; x_wconf 80' lang='lat' dir='ltr'><strong>intercederet</strong></span> <span class='ocrx_word' id='word_1_23' title='bbox 1025 286 1306 341; x_wconf 75' lang='lat' dir='ltr'><strong>discrepantia,</strong></span> <span class='ocrx_word' id='word_1_24' title='bbox 1327 286 1462 340; x_wconf 85' lang='lat' dir='ltr'><strong>colligi</strong></span> <span class='ocrx_word' id='word_1_25' title='bbox 1478 290 1622 339; x_wconf 88' lang='lat' dir='ltr'><strong>posset,</strong></span> <span class='ocrx_word' id='word_1_26' title='bbox 1651 283 1849 339; x_wconf 78' lang='lat' dir='ltr'><strong>adposuit,</strong></span> <span class='ocrx_word' id='word_1_27' title='bbox 1873 292 1959 334; x_wconf 84' lang='lat' dir='ltr'><strong>tum</strong></span> <span class='ocrx_word' id='word_1_28' title='bbox 1986 287 2130 328; x_wconf 89' lang='lat' dir='ltr'><strong>multos</strong></span> <span class='ocrx_word' id='word_1_29' title='bbox 2156 287 2263 329; x_wconf 87' lang='lat' dir='ltr'><strong>locos</strong></span> <span class='ocrx_word' id='word_1_30' title='bbox 2281 288 2383 330; x_wconf 85' lang='lat' dir='ltr'><strong>iniu-</strong></span> 
     </span>
    </p>

    <p class='ocr_par' dir='ltr' id='par_1_6' title="bbox 28 343 2456 781">
     <span class='ocr_line' id='line_1_6' title="bbox 28 343 2382 406; baseline -0.001 -11"><span class='ocrx_word' id='word_1_31' title='bbox 28 370 53 395; x_wconf 60' lang='grc' dir='ltr'><strong><em>η</em></strong></span> <span class='ocrx_word' id='word_1_32' title='bbox 90 351 158 393; x_wconf 79' lang='lat' dir='ltr'><strong>ria</strong></span> <span class='ocrx_word' id='word_1_33' title='bbox 174 349 229 392; x_wconf 87' lang='lat' dir='ltr'><strong>ab</strong></span> <span class='ocrx_word' id='word_1_34' title='bbox 254 343 423 392; x_wconf 79' lang='lat' dir='ltr'><strong>Halinio</strong></span> <span class='ocrx_word' id='word_1_35' title='bbox 452 359 651 393; x_wconf 85' lang='lat' dir='ltr'><strong>correctos</strong></span> <span class='ocrx_word' id='word_1_36' title='bbox 678 365 765 392; x_wconf 87' lang='lat' dir='ltr'><strong>esse</strong></span> <span class='ocrx_word' id='word_1_37' title='bbox 798 357 907 391; x_wconf 89' lang='lat' dir='ltr'><strong>recto</strong></span> <span class='ocrx_word' id='word_1_38' title='bbox 935 357 975 390; x_wconf 92' lang='lat' dir='ltr'><strong>et</strong></span> <span class='ocrx_word' id='word_1_39' title='bbox 1002 363 1101 390; x_wconf 90' lang='lat' dir='ltr'><strong>sano</strong></span> <span class='ocrx_word' id='word_1_40' title='bbox 1128 350 1276 390; x_wconf 90' lang='lat' dir='ltr'><strong>iudicio</strong></span> <span class='ocrx_word' id='word_1_41' title='bbox 1302 350 1604 390; x_wconf 85' lang='lat' dir='ltr'><strong>demonstravit.</strong></span> <span class='ocrx_word' id='word_1_42' title='bbox 1659 348 1868 389; x_wconf 87' lang='lat' dir='ltr'><strong>Adcurata</strong></span> <span class='ocrx_word' id='word_1_43' title='bbox 1901 350 1978 390; x_wconf 84' lang='lat' dir='ltr'><strong>hac</strong></span> <span class='ocrx_word' id='word_1_44' title='bbox 2006 357 2046 391; x_wconf 89' lang='lat' dir='ltr'><strong>et</strong></span> <span class='ocrx_word' id='word_1_45' title='bbox 2079 351 2213 392; x_wconf 88' lang='lat' dir='ltr'><strong>subtili</strong></span> <span class='ocrx_word' id='word_1_46' title='bbox 2249 351 2382 406; x_wconf 85' lang='lat' dir='ltr'><strong>dispu-</strong></span> 
     </span>
     <span class='ocr_line' id='line_1_7' title="bbox 89 412 2382 468; baseline 0.001 -15"><span class='ocrx_word' id='word_1_47' title='bbox 89 413 245 454; x_wconf 79' lang='lat' dir='ltr'><strong>tatione</strong></span> <span class='ocrx_word' id='word_1_48' title='bbox 258 427 351 454; x_wconf 87' lang='lat' dir='ltr'><strong>mea</strong></span> <span class='ocrx_word' id='word_1_49' title='bbox 365 413 527 468; x_wconf 83' lang='lat' dir='ltr'><strong>quidem</strong></span> <span class='ocrx_word' id='word_1_50' title='bbox 540 415 738 455; x_wconf 89' lang='lat' dir='ltr'><strong>sententia</strong></span> <span class='ocrx_word' id='word_1_51' title='bbox 751 414 936 454; x_wconf 83' lang='lat' dir='ltr'><strong>effectum</strong></span> <span class='ocrx_word' id='word_1_52' title='bbox 951 419 1022 464; x_wconf 91' lang='lat' dir='ltr'><strong>est,</strong></span> <span class='ocrx_word' id='word_1_53' title='bbox 1050 419 1095 453; x_wconf 91' lang='lat' dir='ltr'><strong>ut</strong></span> <span class='ocrx_word' id='word_1_54' title='bbox 1110 414 1182 452; x_wconf 89' lang='lat' dir='ltr'><strong>vix</strong></span> <span class='ocrx_word' id='word_1_55' title='bbox 1201 412 1367 453; x_wconf 91' lang='lat' dir='ltr'><strong>dubium</strong></span> <span class='ocrx_word' id='word_1_56' title='bbox 1386 426 1472 452; x_wconf 89' lang='lat' dir='ltr'><strong>esse</strong></span> <span class='ocrx_word' id='word_1_57' title='bbox 1491 412 1625 464; x_wconf 83' lang='lat' dir='ltr'><strong>possit,</strong></span> <span class='ocrx_word' id='word_1_58' title='bbox 1653 412 1749 464; x_wconf 90' lang='lat' dir='ltr'><strong>quin</strong></span> <span class='ocrx_word' id='word_1_59' title='bbox 1767 426 1889 464; x_wconf 90' lang='lat' dir='ltr'><strong>quam</strong></span> <span class='ocrx_word' id='word_1_60' title='bbox 1905 415 2182 454; x_wconf 88' lang='lat' dir='ltr'><strong>auctoritatem</strong></span> <span class='ocrx_word' id='word_1_61' title='bbox 2196 414 2382 454; x_wconf 76' lang='lat' dir='ltr'><strong>Halmius</strong></span> 
     </span>
     <span class='ocr_line' id='line_1_8' title="bbox 92 472 2456 534; baseline 0.001 -18"><span class='ocrx_word' id='word_1_62' title='bbox 92 476 297 530; x_wconf 78' lang='lat' dir='ltr'><strong>epitomae</strong></span> <span class='ocrx_word' id='word_1_63' title='bbox 324 475 378 517; x_wconf 88' lang='lat' dir='ltr'><strong>ad</strong></span> <span class='ocrx_word' id='word_1_64' title='bbox 404 475 559 517; x_wconf 86' lang='lat' dir='ltr'><strong>Valerii</strong></span> <span class='ocrx_word' id='word_1_65' title='bbox 585 475 754 517; x_wconf 86' lang='lat' dir='ltr'><strong>Maximi</strong></span> <span class='ocrx_word' id='word_1_66' title='bbox 781 475 903 517; x_wconf 89' lang='lat' dir='ltr'><strong>libros</strong></span> <span class='ocrx_word' id='word_1_67' title='bbox 930 474 1201 516; x_wconf 89' lang='lat' dir='ltr'><strong>emendandos</strong></span> <span class='ocrx_word' id='word_1_68' title='bbox 1229 474 1423 527; x_wconf 89' lang='lat' dir='ltr'><strong>tribuerit,</strong></span> <span class='ocrx_word' id='word_1_69' title='bbox 1462 487 1510 515; x_wconf 90' lang='lat' dir='ltr'><strong>ea</strong></span> <span class='ocrx_word' id='word_1_70' title='bbox 1547 472 1668 514; x_wconf 90' lang='lat' dir='ltr'><strong>tribui</strong></span> <span class='ocrx_word' id='word_1_71' title='bbox 1703 486 1783 515; x_wconf 89' lang='lat' dir='ltr'><strong>non</strong></span> <span class='ocrx_word' id='word_1_72' title='bbox 1817 480 1949 534; x_wconf 76' lang='lat' dir='ltr'><strong>queat.</strong></span> <span class='ocrx_word' id='word_1_73' title='bbox 2004 475 2111 529; x_wconf 91' lang='lat' dir='ltr'><strong>quod</strong></span> <span class='ocrx_word' id='word_1_74' title='bbox 2148 490 2223 530; x_wconf 91' lang='lat' dir='ltr'><strong>ego</strong></span> <span class='ocrx_word' id='word_1_75' title='bbox 2259 483 2307 518; x_wconf 83' lang='lat' dir='ltr'><strong>eo</strong></span> <span class='ocrx_word' id='word_1_76' title='bbox 2338 475 2383 518; x_wconf 92' lang='lat' dir='ltr'><strong>li·</strong></span> <span class='ocrx_word' id='word_1_77' title='bbox 2448 472 2456 483; x_wconf 78' lang='lat'><em>&#39;</em></span> 
     </span>
     <span class='ocr_line' id='line_1_9' title="bbox 89 537 2379 592; baseline 0.001 -14"><span class='ocrx_word' id='word_1_78' title='bbox 89 538 254 578; x_wconf 82' lang='lat' dir='ltr'><strong>bcntius</strong></span> <span class='ocrx_word' id='word_1_79' title='bbox 281 539 433 579; x_wconf 89' lang='lat' dir='ltr'><strong>homini</strong></span> <span class='ocrx_word' id='word_1_80' title='bbox 461 539 578 578; x_wconf 91' lang='lat' dir='ltr'><strong>docto</strong></span> <span class='ocrx_word' id='word_1_81' title='bbox 608 539 797 590; x_wconf 91' lang='lat' dir='ltr'><strong>concedo,</strong></span> <span class='ocrx_word' id='word_1_82' title='bbox 825 540 932 592; x_wconf 92' lang='lat' dir='ltr'><strong>quia,</strong></span> <span class='ocrx_word' id='word_1_83' title='bbox 962 539 1193 591; x_wconf 83' lang='lat' dir='ltr'><strong>priusquam</strong></span> <span class='ocrx_word' id='word_1_84' title='bbox 1221 539 1306 577; x_wconf 90' lang='lat' dir='ltr'><strong>eius</strong></span> <span class='ocrx_word' id='word_1_85' title='bbox 1337 538 1619 577; x_wconf 65' lang='lat' dir='ltr'><strong>⁴commentatio</strong></span> <span class='ocrx_word' id='word_1_86' title='bbox 1655 537 1695 575; x_wconf 89' lang='lat' dir='ltr'><strong>in</strong></span> <span class='ocrx_word' id='word_1_87' title='bbox 1730 550 1872 576; x_wconf 88' lang='lat' dir='ltr'><strong>manus</strong></span> <span class='ocrx_word' id='word_1_88' title='bbox 1906 550 2016 577; x_wconf 92' lang='lat' dir='ltr'><strong>meas</strong></span> <span class='ocrx_word' id='word_1_89' title='bbox 2052 540 2228 591; x_wconf 88' lang='lat' dir='ltr'><strong>veniret,</strong></span> <span class='ocrx_word' id='word_1_90' title='bbox 2270 539 2379 580; x_wconf 90' lang='lat' dir='ltr'><strong>idem</strong></span> 
     </span>
     <span class='ocr_line' id='line_1_10' title="bbox 87 599 2377 655; baseline 0 -13"><span class='ocrx_word' id='word_1_91' title='bbox 87 601 173 642; x_wconf 83' lang='lat' dir='ltr'><strong>iam</strong></span> <span class='ocrx_word' id='word_1_92' title='bbox 201 601 477 643; x_wconf 86' lang='lat' dir='ltr'><strong>intellexeram</strong></span> <span class='ocrx_word' id='word_1_93' title='bbox 504 600 680 655; x_wconf 74' lang='lat' dir='ltr'><strong>mihique</strong></span> <span class='ocrx_word' id='word_1_94' title='bbox 722 600 995 642; x_wconf 86' lang='lat' dir='ltr'><strong>demonstrare</strong></span> <span class='ocrx_word' id='word_1_95' title='bbox 1036 613 1332 654; x_wconf 85' lang='lat' dir='ltr'><strong>proposueram.</strong></span> <span class='ocrx_word' id='word_1_96' title='bbox 1386 601 1538 653; x_wconf 88' lang='lat' dir='ltr'><strong>itaque,</strong></span> <span class='ocrx_word' id='word_1_97' title='bbox 1581 606 1626 639; x_wconf 92' lang='lat' dir='ltr'><strong>ut</strong></span> <span class='ocrx_word' id='word_1_98' title='bbox 1666 600 1706 639; x_wconf 91' lang='lat' dir='ltr'><strong>in</strong></span> <span class='ocrx_word' id='word_1_99' title='bbox 1744 599 1815 640; x_wconf 90' lang='lat' dir='ltr'><strong>tali</strong></span> <span class='ocrx_word' id='word_1_100' title='bbox 1854 614 1898 640; x_wconf 90' lang='lat' dir='ltr'><strong>re</strong></span> <span class='ocrx_word' id='word_1_101' title='bbox 1923 600 2026 641; x_wconf 90' lang='lat' dir='ltr'><strong>·fieri</strong></span> <span class='ocrx_word' id='word_1_102' title='bbox 2065 601 2182 652; x_wconf 91' lang='lat' dir='ltr'><strong>solet,</strong></span> <span class='ocrx_word' id='word_1_103' title='bbox 2218 601 2377 654; x_wconf 86' lang='lat' dir='ltr'><strong>accidit,</strong></span> 
     </span>
     <span class='ocr_line' id='line_1_11' title="bbox 87 661 2379 718; baseline 0 -14"><span class='ocrx_word' id='word_1_104' title='bbox 87 670 136 704; x_wconf 81' lang='lat' dir='ltr'><strong>ut</strong></span> <span class='ocrx_word' id='word_1_105' title='bbox 162 663 299 716; x_wconf 86' lang='lat' dir='ltr'><strong>multa,</strong></span> <span class='ocrx_word' id='word_1_106' title='bbox 328 677 431 718; x_wconf 88' lang='lat' dir='ltr'><strong>quae</strong></span> <span class='ocrx_word' id='word_1_107' title='bbox 460 663 701 717; x_wconf 86' lang='lat' dir='ltr'><strong>collegeram</strong></span> <span class='ocrx_word' id='word_1_108' title='bbox 729 669 979 717; x_wconf 87' lang='lat' dir='ltr'><strong>argumenta,</strong></span> <span class='ocrx_word' id='word_1_109' title='bbox 1007 663 1073 703; x_wconf 91' lang='lat' dir='ltr'><strong>ille</strong></span> <span class='ocrx_word' id='word_1_110' title='bbox 1101 664 1180 702; x_wconf 90' lang='lat' dir='ltr'><strong>iam</strong></span> <span class='ocrx_word' id='word_1_111' title='bbox 1215 662 1364 715; x_wconf 89' lang='lat' dir='ltr'><strong>publici</strong></span> <span class='ocrx_word' id='word_1_112' title='bbox 1391 663 1488 703; x_wconf 88' lang='lat' dir='ltr'><strong>iuris</strong></span> <span class='ocrx_word' id='word_1_113' title='bbox 1515 661 1665 704; x_wconf 89' lang='lat' dir='ltr'><strong>fecerit.</strong></span> <span class='ocrx_word' id='word_1_114' title='bbox 1721 662 1793 702; x_wconf 88' lang='lat' dir='ltr'><strong>scd</strong></span> <span class='ocrx_word' id='word_1_115' title='bbox 1819 668 1945 703; x_wconf 89' lang='lat' dir='ltr'><strong>totam</strong></span> <span class='ocrx_word' id='word_1_116' title='bbox 1977 664 2194 704; x_wconf 83' lang='lat' dir='ltr'><strong>materiam</strong></span> <span class='ocrx_word' id='word_1_117' title='bbox 2221 669 2379 705; x_wconf 86' lang='lat' dir='ltr'><strong>tantum</strong></span> 
     </span>
     <span class='ocr_line' id='line_1_12' title="bbox 91 725 2378 781; baseline 0 -13"><span class='ocrx_word' id='word_1_118' title='bbox 91 725 209 768; x_wconf 80' lang='lat' dir='ltr'><strong>abest</strong></span> <span class='ocrx_word' id='word_1_119' title='bbox 235 734 280 768; x_wconf 90' lang='lat' dir='ltr'><strong>ut</strong></span> <span class='ocrx_word' id='word_1_120' title='bbox 306 727 546 779; x_wconf 85' lang='lat' dir='ltr'><strong>exhauserit,</strong></span> <span class='ocrx_word' id='word_1_121' title='bbox 588 733 632 767; x_wconf 92' lang='lat' dir='ltr'><strong>ut</strong></span> <span class='ocrx_word' id='word_1_122' title='bbox 675 728 797 767; x_wconf 90' lang='lat' dir='ltr'><strong>etiam</strong></span> <span class='ocrx_word' id='word_1_123' title='bbox 834 728 876 767; x_wconf 90' lang='lat' dir='ltr'><strong>in</strong></span> <span class='ocrx_word' id='word_1_124' title='bbox 917 727 1054 781; x_wconf 89' lang='lat' dir='ltr'><strong>primis</strong></span> <span class='ocrx_word' id='word_1_125' title='bbox 1093 726 1219 766; x_wconf 89' lang='lat' dir='ltr'><strong>tribus</strong></span> <span class='ocrx_word' id='word_1_126' title='bbox 1259 726 1381 779; x_wconf 89' lang='lat' dir='ltr'><strong>libris,</strong></span> <span class='ocrx_word' id='word_1_127' title='bbox 1408 740 1506 780; x_wconf 92' lang='lat' dir='ltr'><strong>quos</strong></span> <span class='ocrx_word' id='word_1_128' title='bbox 1533 725 1801 780; x_wconf 84' lang='lat' dir='ltr'><strong>perlustravit,</strong></span> <span class='ocrx_word' id='word_1_129' title='bbox 1830 741 1910 768; x_wconf 90' lang='lat' dir='ltr'><strong>non</strong></span> <span class='ocrx_word' id='word_1_130' title='bbox 1938 726 2048 768; x_wconf 89' lang='lat' dir='ltr'><strong>nulla</strong></span> <span class='ocrx_word' id='word_1_131' title='bbox 2074 734 2294 769; x_wconf 82' lang='lat' dir='ltr'><strong>memoratu</strong></span> <span class='ocrx_word' id='word_1_132' title='bbox 2319 728 2378 769; x_wconf 87' lang='lat' dir='ltr'><strong>di·</strong></span> 
     </span>
    </p>

    <p class='ocr_par' dir='ltr' id='par_1_7' title="bbox 0 780 2375 906">
     <span class='ocr_line' id='line_1_13' title="bbox 0 780 2375 863; baseline 0 -33"><span class='ocrx_word' id='word_1_133' title='bbox 0 780 46 858; x_wconf 37' lang='grc' dir='ltr'><strong>ι’</strong></span> <span class='ocrx_word' id='word_1_134' title='bbox 88 782 257 863; x_wconf 47' lang='grc' dir='ltr'><strong>ξιιὴιοῑι</strong></span> <span class='ocrx_word' id='word_1_135' title='bbox 283 790 522 831; x_wconf 88' lang='lat' dir='ltr'><strong>adtenderit.</strong></span> <span class='ocrx_word' id='word_1_136' title='bbox 579 804 602 831; x_wconf 91' lang='lat' dir='ltr'><strong>e</strong></span> <span class='ocrx_word' id='word_1_137' title='bbox 629 790 776 844; x_wconf 90' lang='lat' dir='ltr'><strong>quibus</strong></span> <span class='ocrx_word' id='word_1_138' title='bbox 799 791 972 845; x_wconf 91' lang='lat' dir='ltr'><strong>primum</strong></span> <span class='ocrx_word' id='word_1_139' title='bbox 999 803 1129 843; x_wconf 89' lang='lat' dir='ltr'><strong>pauca</strong></span> <span class='ocrx_word' id='word_1_140' title='bbox 1161 789 1372 843; x_wconf 84' lang='lat' dir='ltr'><strong>proferam,</strong></span> <span class='ocrx_word' id='word_1_141' title='bbox 1410 797 1494 830; x_wconf 91' lang='lat' dir='ltr'><strong>tum</strong></span> <span class='ocrx_word' id='word_1_142' title='bbox 1530 788 1580 829; x_wconf 87' lang='lat' dir='ltr'><strong>de</strong></span> <span class='ocrx_word' id='word_1_143' title='bbox 1621 788 1775 842; x_wconf 86' lang='lat' dir='ltr'><strong>aliquot</strong></span> <span class='ocrx_word' id='word_1_144' title='bbox 1801 789 1967 830; x_wconf 86' lang='lat' dir='ltr'><strong>Paridis</strong></span> <span class='ocrx_word' id='word_1_145' title='bbox 2015 796 2054 831; x_wconf 92' lang='lat' dir='ltr'><strong>et</strong></span> <span class='ocrx_word' id='word_1_146' title='bbox 2085 790 2240 831; x_wconf 89' lang='lat' dir='ltr'><strong>Valerii</strong></span> <span class='ocrx_word' id='word_1_147' title='bbox 2278 790 2375 831; x_wconf 90' lang='lat' dir='ltr'><strong>locis</strong></span> 
     </span>
     <span class='ocr_line' id='line_1_14' title="bbox 92 853 1254 906; baseline 0.001 -14"><span class='ocrx_word' id='word_1_148' title='bbox 92 866 225 906; x_wconf 83' lang='lat' dir='ltr'><strong>agam,</strong></span> <span class='ocrx_word' id='word_1_149' title='bbox 256 854 325 906; x_wconf 90' lang='lat' dir='ltr'><strong>qui</strong></span> <span class='ocrx_word' id='word_1_150' title='bbox 351 853 529 893; x_wconf 88' lang='lat' dir='ltr'><strong>nondum</strong></span> <span class='ocrx_word' id='word_1_151' title='bbox 557 855 654 893; x_wconf 90' lang='lat' dir='ltr'><strong>satis</strong></span> <span class='ocrx_word' id='word_1_152' title='bbox 682 853 885 893; x_wconf 89' lang='lat' dir='ltr'><strong>emendati</strong></span> <span class='ocrx_word' id='word_1_153' title='bbox 915 853 1131 892; x_wconf 89' lang='lat' dir='ltr'><strong>videantur</strong></span> <span class='ocrx_word' id='word_1_154' title='bbox 1156 866 1254 893; x_wconf 88' lang='lat' dir='ltr'><strong>esse.</strong></span> 
     </span>
    </p>
   </div>
   <div class='ocr_carea' id='block_1_5' title="bbox 0 924 2438 2804">
    <p class='ocr_par' dir='ltr' id='par_1_8' title="bbox 87 924 2438 1168">
     <span class='ocr_line' id='line_1_15' title="bbox 287 924 2438 979; baseline -0 -12"><span class='ocrx_word' id='word_1_155' title='bbox 287 927 339 967; x_wconf 88' lang='lat' dir='ltr'><strong>In</strong></span> <span class='ocrx_word' id='word_1_156' title='bbox 363 926 500 966; x_wconf 89' lang='lat' dir='ltr'><strong>verbis</strong></span> <span class='ocrx_word' id='word_1_157' title='bbox 528 928 566 978; x_wconf 87' lang='lat'><strong>3,</strong></span> <span class='ocrx_word' id='word_1_158' title='bbox 595 928 632 978; x_wconf 80' lang='lat'><strong>2,</strong></span> <span class='ocrx_word' id='word_1_159' title='bbox 665 927 714 966; x_wconf 87' lang='lat'><strong>19</strong></span> <span class='ocrx_word' id='word_1_160' title='bbox 742 927 876 966; x_wconf 93' lang='lat' dir='ltr'><strong>idem</strong></span> <span class='ocrx_word' id='word_1_161' title='bbox 904 927 1004 965; x_wconf 87' lang='lat' dir='ltr'><strong>alio</strong></span> <span class='ocrx_word' id='word_1_162' title='bbox 1032 926 1224 978; x_wconf 90' lang='lat' dir='ltr'><strong>proelio</strong></span> <span class='ocrx_word' id='word_1_163' title='bbox 1251 926 1481 977; x_wconf 87' lang='lat' dir='ltr'><strong>legionis</strong></span> <span class='ocrx_word' id='word_1_164' title='bbox 1508 927 1719 965; x_wconf 83' lang='lat' dir='ltr'><strong>Martiae</strong></span> <span class='ocrx_word' id='word_1_165' title='bbox 1756 927 2091 979; x_wconf 84' lang='lat' dir='ltr'><strong>aquiliferum</strong></span> <span class='ocrx_word' id='word_1_166' title='bbox 2128 927 2386 966; x_wconf 88' lang='lat' dir='ltr'><strong>ineundae</strong></span> <span class='ocrx_word' id='word_1_167' title='bbox 2435 924 2438 927; x_wconf 71' lang='grc'><strong>’</strong></span> 
     </span>
     <span class='ocr_line' id='line_1_16' title="bbox 90 987 2386 1043; baseline 0 -13"><span class='ocrx_word' id='word_1_168' title='bbox 90 989 257 1042; x_wconf 84' lang='lat' dir='ltr'><strong>fugae</strong></span> <span class='ocrx_word' id='word_1_169' title='bbox 285 990 467 1041; x_wconf 89' lang='lat' dir='ltr'><strong>gratia</strong></span> <span class='ocrx_word' id='word_1_170' title='bbox 493 990 589 1030; x_wconf 90' lang='lat' dir='ltr'><strong>iam</strong></span> <span class='ocrx_word' id='word_1_171' title='bbox 618 1003 918 1031; x_wconf 85' lang='lat' dir='ltr'><strong>conversum</strong></span> <span class='ocrx_word' id='word_1_172' title='bbox 946 987 1179 1029; x_wconf 86' lang='lat' dir='ltr'><strong>faucibus</strong></span> <span class='ocrx_word' id='word_1_173' title='bbox 1206 988 1615 1042; x_wconf 83' lang='lat' dir='ltr'><strong>conprehensum</strong></span> <span class='ocrx_word' id='word_1_174' title='bbox 1642 990 1691 1029; x_wconf 93' lang='lat' dir='ltr'><strong>in</strong></span> <span class='ocrx_word' id='word_1_175' title='bbox 1719 990 2034 1029; x_wconf 86' lang='lat' dir='ltr'><strong>contrariam</strong></span> <span class='ocrx_word' id='word_1_176' title='bbox 2072 997 2266 1043; x_wconf 87' lang='lat' dir='ltr'><strong>partem</strong></span> <span class='ocrx_word' id='word_1_177' title='bbox 2302 990 2386 1029; x_wconf 88' lang='lat' dir='ltr'><strong>de·</strong></span> 
     </span>
     <span class='ocr_line' id='line_1_17' title="bbox 88 1050 2383 1106; baseline 0.001 -16"><span class='ocrx_word' id='word_1_178' title='bbox 88 1052 263 1091; x_wconf 87' lang='lat' dir='ltr'><strong>traxit</strong></span> <span class='ocrx_word' id='word_1_179' title='bbox 291 1051 479 1091; x_wconf 83' lang='lat' dir='ltr'><strong>Halmius</strong></span> <span class='ocrx_word' id='word_1_180' title='bbox 506 1053 697 1105; x_wconf 86' lang='lat' dir='ltr'><strong>egregiae</strong></span> <span class='ocrx_word' id='word_1_181' title='bbox 724 1052 925 1091; x_wconf 85' lang='lat' dir='ltr'><strong>Perizonii</strong></span> <span class='ocrx_word' id='word_1_182' title='bbox 953 1050 1237 1102; x_wconf 81' lang='lat' dir='ltr'><strong>emendationi,</strong></span> <span class='ocrx_word' id='word_1_183' title='bbox 1278 1052 1347 1103; x_wconf 91' lang='lat' dir='ltr'><strong>qui</strong></span> <span class='ocrx_word' id='word_1_184' title='bbox 1372 1051 1573 1091; x_wconf 90' lang='lat' dir='ltr'><strong>lenissima</strong></span> <span class='ocrx_word' id='word_1_185' title='bbox 1598 1052 1818 1091; x_wconf 87' lang='lat' dir='ltr'><strong>mutatione</strong></span> <span class='ocrx_word' id='word_1_186' title='bbox 1853 1064 1924 1105; x_wconf 91' lang='lat' dir='ltr'><strong>pro</strong></span> <span class='ocrx_word' id='word_1_187' title='bbox 1958 1051 2191 1092; x_wconf 83' lang='lat' dir='ltr'><strong>detraxit</strong></span> <span class='ocrx_word' id='word_1_188' title='bbox 2223 1052 2383 1106; x_wconf 85' lang='lat' dir='ltr'><strong>scripsit</strong></span> 
     </span>
     <span class='ocr_line' id='line_1_18' title="bbox 87 1114 2386 1168; baseline 0 -15"><span class='ocrx_word' id='word_1_189' title='bbox 87 1114 344 1164; x_wconf 87' lang='lat' dir='ltr'><strong>retraxit,</strong></span> <span class='ocrx_word' id='word_1_190' title='bbox 390 1114 548 1154; x_wconf 89' lang='lat' dir='ltr'><strong>Paridis</strong></span> <span class='ocrx_word' id='word_1_191' title='bbox 593 1115 830 1168; x_wconf 86' lang='lat' dir='ltr'><strong>scripturam</strong></span> <span class='ocrx_word' id='word_1_192' title='bbox 875 1114 1113 1164; x_wconf 88' lang='lat' dir='ltr'><strong>retorsit,</strong></span> <span class='ocrx_word' id='word_1_193' title='bbox 1151 1115 1298 1167; x_wconf 89' lang='lat' dir='ltr'><strong>quippe</strong></span> <span class='ocrx_word' id='word_1_194' title='bbox 1339 1115 1407 1166; x_wconf 92' lang='lat' dir='ltr'><strong>qui</strong></span> <span class='ocrx_word' id='word_1_195' title='bbox 1441 1115 1530 1167; x_wconf 91' lang='lat' dir='ltr'><strong>ipsa</strong></span> <span class='ocrx_word' id='word_1_196' title='bbox 1556 1114 1708 1155; x_wconf 87' lang='lat' dir='ltr'><strong>Valerii</strong></span> <span class='ocrx_word' id='word_1_197' title='bbox 1741 1114 1868 1164; x_wconf 84' lang='lat' dir='ltr'><strong>verba</strong></span> <span class='ocrx_word' id='word_1_198' title='bbox 1901 1115 2143 1166; x_wconf 89' lang='lat' dir='ltr'><strong>repetiisset,</strong></span> <span class='ocrx_word' id='word_1_199' title='bbox 2185 1114 2386 1167; x_wconf 75' lang='lat' dir='ltr'><strong>praetulit,</strong></span> 
     </span>
    </p>

    <p class='ocr_par' dir='ltr' id='par_1_9' title="bbox 0 1175 2404 2804">
     <span class='ocr_line' id='line_1_19' title="bbox 19 1175 2386 1230; baseline 0 -14"><span class='ocrx_word' id='word_1_200' title='bbox 19 1216 26 1224; x_wconf 78' lang='grc'>,</span> <span class='ocrx_word' id='word_1_201' title='bbox 88 1176 213 1216; x_wconf 76' lang='lat' dir='ltr'><strong>etiam</strong></span> <span class='ocrx_word' id='word_1_202' title='bbox 226 1175 439 1229; x_wconf 88' lang='lat' dir='ltr'><strong>Kempfius</strong></span> <span class='ocrx_word' id='word_1_203' title='bbox 460 1177 502 1216; x_wconf 89' lang='lat' dir='ltr'><strong>in</strong></span> <span class='ocrx_word' id='word_1_204' title='bbox 519 1176 693 1216; x_wconf 88' lang='lat' dir='ltr'><strong>editione</strong></span> <span class='ocrx_word' id='word_1_205' title='bbox 724 1175 777 1216; x_wconf 89' lang='lat' dir='ltr'><strong>ad</strong></span> <span class='ocrx_word' id='word_1_206' title='bbox 802 1176 840 1215; x_wconf 87' lang='lat' dir='ltr'><strong>h.</strong></span> <span class='ocrx_word' id='word_1_207' title='bbox 869 1175 894 1216; x_wconf 90' lang='lat' dir='ltr'><strong>l.</strong></span> <span class='ocrx_word' id='word_1_208' title='bbox 923 1189 966 1215; x_wconf 91' lang='lat' dir='ltr'><strong>se</strong></span> <span class='ocrx_word' id='word_1_209' title='bbox 994 1175 1178 1215; x_wconf 85' lang='lat' dir='ltr'><strong>dubitare</strong></span> <span class='ocrx_word' id='word_1_210' title='bbox 1206 1176 1313 1228; x_wconf 82' lang='lat' dir='ltr'><strong>dicit,</strong></span> <span class='ocrx_word' id='word_1_211' title='bbox 1342 1189 1394 1215; x_wconf 86' lang='lat' dir='ltr'><strong>an</strong></span> <span class='ocrx_word' id='word_1_212' title='bbox 1420 1175 1519 1215; x_wconf 91' lang='lat' dir='ltr'><strong>illud</strong></span> <span class='ocrx_word' id='word_1_213' title='bbox 1547 1175 1865 1216; x_wconf 90' lang='lat' dir='ltr'><strong>substituendum</strong></span> <span class='ocrx_word' id='word_1_214' title='bbox 1892 1177 1953 1229; x_wconf 89' lang='lat' dir='ltr'><strong>sit,</strong></span> <span class='ocrx_word' id='word_1_215' title='bbox 1982 1178 2076 1230; x_wconf 90' lang='lat' dir='ltr'><strong>quia</strong></span> <span class='ocrx_word' id='word_1_216' title='bbox 2093 1177 2208 1217; x_wconf 88' lang='lat' dir='ltr'><strong>Paris</strong></span> <span class='ocrx_word' id='word_1_217' title='bbox 2233 1177 2275 1217; x_wconf 89' lang='lat' dir='ltr'><strong>in</strong></span> <span class='ocrx_word' id='word_1_218' title='bbox 2302 1181 2386 1217; x_wconf 86' lang='lat' dir='ltr'><strong>toto</strong></span> 
     </span>
     <span class='ocr_line' id='line_1_20' title="bbox 0 1228 2378 1292; baseline 0 -14"><span class='ocrx_word' id='word_1_219' title='bbox 0 1228 36 1292; x_wconf 58' lang='grc' dir='ltr'><strong><em>ἶ</em></strong></span> <span class='ocrx_word' id='word_1_220' title='bbox 85 1238 205 1279; x_wconf 86' lang='lat' dir='ltr'><strong>huius</strong></span> <span class='ocrx_word' id='word_1_221' title='bbox 232 1239 408 1292; x_wconf 85' lang='lat' dir='ltr'><strong>exempli</strong></span> <span class='ocrx_word' id='word_1_222' title='bbox 434 1239 670 1292; x_wconf 90' lang='lat' dir='ltr'><strong>compendio</strong></span> <span class='ocrx_word' id='word_1_223' title='bbox 697 1239 839 1278; x_wconf 89' lang='lat' dir='ltr'><strong>iisdem</strong></span> <span class='ocrx_word' id='word_1_224' title='bbox 868 1241 1030 1278; x_wconf 88' lang='lat' dir='ltr'><strong>omnino</strong></span> <span class='ocrx_word' id='word_1_225' title='bbox 1057 1239 1192 1280; x_wconf 68' lang='lat' dir='ltr'><strong>verbis</strong></span> <span class='ocrx_word' id='word_1_226' title='bbox 1218 1253 1312 1278; x_wconf 87' lang='lat' dir='ltr'><strong>usus</strong></span> <span class='ocrx_word' id='word_1_227' title='bbox 1339 1241 1415 1280; x_wconf 51' lang='lat' dir='ltr'><strong>sits</strong></span> <span class='ocrx_word' id='word_1_228' title='bbox 1459 1241 1580 1279; x_wconf 90' lang='lat' dir='ltr'><strong>miror</strong></span> <span class='ocrx_word' id='word_1_229' title='bbox 1607 1240 1806 1278; x_wconf 89' lang='lat' dir='ltr'><strong>hominem</strong></span> <span class='ocrx_word' id='word_1_230' title='bbox 1835 1239 2006 1290; x_wconf 82' lang='lat' dir='ltr'><strong>doctum,</strong></span> <span class='ocrx_word' id='word_1_231' title='bbox 2048 1241 2117 1292; x_wconf 89' lang='lat' dir='ltr'><strong>qui</strong></span> <span class='ocrx_word' id='word_1_232' title='bbox 2155 1239 2265 1279; x_wconf 90' lang='lat' dir='ltr'><strong>haud</strong></span> <span class='ocrx_word' id='word_1_233' title='bbox 2297 1241 2378 1278; x_wconf 91' lang='lat' dir='ltr'><strong>scio</strong></span> 
     </span>
     <span class='ocr_line' id='line_1_21' title="bbox 86 1300 2387 1356; baseline 0 -14"><span class='ocrx_word' id='word_1_234' title='bbox 86 1314 142 1342; x_wconf 88' lang='lat' dir='ltr'><strong>an</strong></span> <span class='ocrx_word' id='word_1_235' title='bbox 167 1315 276 1342; x_wconf 89' lang='lat' dir='ltr'><strong>nunc</strong></span> <span class='ocrx_word' id='word_1_236' title='bbox 302 1301 419 1342; x_wconf 89' lang='lat' dir='ltr'><strong>aliter</strong></span> <span class='ocrx_word' id='word_1_237' title='bbox 444 1300 693 1342; x_wconf 90' lang='lat' dir='ltr'><strong>iudicaturus</strong></span> <span class='ocrx_word' id='word_1_238' title='bbox 720 1302 781 1354; x_wconf 90' lang='lat' dir='ltr'><strong>sit,</strong></span> <span class='ocrx_word' id='word_1_239' title='bbox 810 1301 910 1341; x_wconf 90' lang='lat' dir='ltr'><strong>nihil</strong></span> <span class='ocrx_word' id='word_1_240' title='bbox 938 1302 979 1341; x_wconf 89' lang='lat' dir='ltr'><strong>in</strong></span> <span class='ocrx_word' id='word_1_241' title='bbox 1008 1303 1342 1342; x_wconf 82' lang='lat' dir='ltr'><strong>commentatione</strong></span> <span class='ocrx_word' id='word_1_242' title='bbox 1370 1301 1420 1342; x_wconf 89' lang='lat' dir='ltr'><strong>de</strong></span> <span class='ocrx_word' id='word_1_243' title='bbox 1449 1302 1523 1342; x_wconf 91' lang='lat' dir='ltr'><strong>hoc</strong></span> <span class='ocrx_word' id='word_1_244' title='bbox 1563 1301 1650 1342; x_wconf 91' lang='lat' dir='ltr'><strong>loco</strong></span> <span class='ocrx_word' id='word_1_245' title='bbox 1688 1302 1850 1343; x_wconf 87' lang='lat' dir='ltr'><strong>dixisse.</strong></span> <span class='ocrx_word' id='word_1_246' title='bbox 1905 1303 2251 1356; x_wconf 48' lang='lat' dir='ltr'><strong>noyifflraeterea</strong></span> <span class='ocrx_word' id='word_1_247' title='bbox 2286 1301 2387 1342; x_wconf 91' lang='lat' dir='ltr'><strong>duos</strong></span> 
     </span>
     <span class='ocr_line' id='line_1_22' title="bbox 0 1355 2384 1439; baseline 0 -34"><span class='ocrx_word' id='word_1_248' title='bbox 0 1356 208 1418; x_wconf 44' lang='lat' dir='ltr'><strong>asslooos,</strong></span> <span class='ocrx_word' id='word_1_249' title='bbox 238 1378 339 1424; x_wconf 76' lang='lat' dir='ltr'><strong>quos</strong></span> <span class='ocrx_word' id='word_1_250' title='bbox 363 1364 737 1439; x_wconf 33' lang='lat' dir='ltr'><strong>eadeffl,‚de„‡ausa</strong></span> <span class='ocrx_word' id='word_1_251' title='bbox 763 1364 1006 1425; x_wconf 59' lang='lat' dir='ltr'><strong>emendavit.</strong></span> <span class='ocrx_word' id='word_1_252' title='bbox 1062 1365 1098 1416; x_wconf 80' lang='lat'><strong>2,</strong></span> <span class='ocrx_word' id='word_1_253' title='bbox 1130 1365 1166 1416; x_wconf 88' lang='lat'><strong>8,</strong></span> <span class='ocrx_word' id='word_1_254' title='bbox 1196 1365 1221 1404; x_wconf 89' lang='grc'>6</span> <span class='ocrx_word' id='word_1_255' title='bbox 1249 1365 1289 1413; x_wconf 75' lang='lat' dir='ltr'><strong>in</strong></span> <span class='ocrx_word' id='word_1_256' title='bbox 1314 1379 1381 1407; x_wconf 79' lang='lat' dir='ltr'><strong>vv,</strong></span> <span class='ocrx_word' id='word_1_257' title='bbox 1411 1366 1567 1405; x_wconf 89' lang='lat' dir='ltr'><strong>moris</strong></span> <span class='ocrx_word' id='word_1_258' title='bbox 1604 1372 1678 1405; x_wconf 91' lang='lat' dir='ltr'><strong>est</strong></span> <span class='ocrx_word' id='word_1_259' title='bbox 1715 1365 1776 1405; x_wconf 91' lang='lat' dir='ltr'><strong>ab</strong></span> <span class='ocrx_word' id='word_1_260' title='bbox 1811 1366 2115 1419; x_wconf 89' lang='lat' dir='ltr'><strong>imperatore</strong></span> <span class='ocrx_word' id='word_1_261' title='bbox 2138 1355 2180 1405; x_wconf 46' lang='lat' dir='ltr'><strong>⁴d</strong></span> <span class='ocrx_word' id='word_1_262' title='bbox 2193 1356 2384 1406; x_wconf 60' lang='lat' dir='ltr'><strong>ficturo</strong></span> 
     </span>
     <span class='ocr_line' id='line_1_23' title="bbox 0 1414 2381 1488; baseline 0 -20"><span class='ocrx_word' id='word_1_263' title='bbox 0 1463 41 1488; x_wconf 40' lang='grc' dir='ltr'><strong>ὼ,</strong></span> <span class='ocrx_word' id='word_1_264' title='bbox 83 1414 398 1482; x_wconf 60' lang='grc' dir='ltr'><strong>ἷῖἷῖιᾟῖᾔὶιιιω</strong></span> <span class='ocrx_word' id='word_1_265' title='bbox 426 1429 663 1468; x_wconf 89' lang='lat' dir='ltr'><strong>consules</strong></span> <span class='ocrx_word' id='word_1_266' title='bbox 691 1425 1002 1469; x_wconf 80' lang='lat' dir='ltr'><strong>invitari‘ad</strong></span> <span class='ocrx_word' id='word_1_267' title='bbox 1030 1441 1233 1479; x_wconf 73' lang='lat' dir='ltr'><strong>cenam,¹</strong></span> <span class='ocrx_word' id='word_1_268' title='bbox 1253 1429 1435 1468; x_wconf 91' lang='lat' dir='ltr'><strong>deinde</strong></span> <span class='ocrx_word' id='word_1_269' title='bbox 1463 1430 1643 1482; x_wconf 87' lang='lat' dir='ltr'><strong>rogari</strong></span> <span class='ocrx_word' id='word_1_270' title='bbox 1680 1435 1732 1469; x_wconf 89' lang='lat' dir='ltr'><strong>ut</strong></span> <span class='ocrx_word' id='word_1_271' title='bbox 1768 1430 1948 1469; x_wconf 88' lang='lat' dir='ltr'><strong>venire</strong></span> <span class='ocrx_word' id='word_1_272' title='bbox 1984 1430 2381 1482; x_wconf 86' lang='lat' dir='ltr'><strong>supersedeant,</strong></span> 
     </span>
     <span class='ocr_line' id='line_1_24' title="bbox 85 1490 2383 1545; baseline 0 -14"><span class='ocrx_word' id='word_1_273' title='bbox 85 1505 148 1532; x_wconf 90' lang='lat' dir='ltr'><strong>ne</strong></span> <span class='ocrx_word' id='word_1_274' title='bbox 175 1493 291 1545; x_wconf 71' lang='lat' dir='ltr'><strong>quis</strong></span> <span class='ocrx_word' id='word_1_275' title='bbox 319 1504 376 1531; x_wconf 92' lang='lat' dir='ltr'><strong>eo</strong></span> <span class='ocrx_word' id='word_1_276' title='bbox 404 1491 507 1543; x_wconf 88' lang='lat' dir='ltr'><strong>die,</strong></span> <span class='ocrx_word' id='word_1_277' title='bbox 531 1504 638 1544; x_wconf 23' lang='lat' dir='ltr'><strong>*quo</strong></span> <span class='ocrx_word' id='word_1_278' title='bbox 667 1491 758 1531; x_wconf 89' lang='lat' dir='ltr'><strong>ille</strong></span> <span class='ocrx_word' id='word_1_279' title='bbox 786 1490 1142 1544; x_wconf 89' lang='lat' dir='ltr'><strong>triumpharit,</strong></span> <span class='ocrx_word' id='word_1_280' title='bbox 1172 1492 1381 1531; x_wconf 87' lang='lat' dir='ltr'><strong>maioris</strong></span> <span class='ocrx_word' id='word_1_281' title='bbox 1409 1493 1457 1531; x_wconf 89' lang='lat' dir='ltr'><strong>in</strong></span> <span class='ocrx_word' id='word_1_282' title='bbox 1488 1492 1662 1531; x_wconf 91' lang='lat' dir='ltr'><strong>eodem</strong></span> <span class='ocrx_word' id='word_1_283' title='bbox 1699 1493 1943 1532; x_wconf 87' lang='lat' dir='ltr'><strong>convivio</strong></span> <span class='ocrx_word' id='word_1_284' title='bbox 1982 1493 2053 1531; x_wconf 90' lang='lat' dir='ltr'><strong>sit</strong></span> <span class='ocrx_word' id='word_1_285' title='bbox 2090 1492 2300 1545; x_wconf 88' lang='lat' dir='ltr'><strong>imperii</strong></span> <span class='ocrx_word' id='word_1_286' title='bbox 2334 1505 2383 1531; x_wconf 83' lang='lat' dir='ltr'><strong>ac</strong></span> 
     </span>
     <span class='ocr_line' id='line_1_25' title="bbox 87 1553 2379 1608; baseline 0.001 -14"><span class='ocrx_word' id='word_1_287' title='bbox 87 1560 182 1595; x_wconf 87' lang='lat' dir='ltr'><strong>ante</strong></span> <span class='ocrx_word' id='word_1_288' title='bbox 209 1553 397 1594; x_wconf 85' lang='lat' dir='ltr'><strong>deinde</strong></span> <span class='ocrx_word' id='word_1_289' title='bbox 424 1554 593 1594; x_wconf 90' lang='lat' dir='ltr'><strong>intrusit.</strong></span> <span class='ocrx_word' id='word_1_290' title='bbox 677 1553 748 1594; x_wconf 89' lang='lat' dir='ltr'><strong>sed</strong></span> <span class='ocrx_word' id='word_1_291' title='bbox 776 1553 1000 1607; x_wconf 87' lang='lat' dir='ltr'><strong>asyndeton</strong></span> <span class='ocrx_word' id='word_1_292' title='bbox 1028 1553 1152 1593; x_wconf 90' lang='lat' dir='ltr'><strong>nihilo</strong></span> <span class='ocrx_word' id='word_1_293' title='bbox 1180 1553 1355 1594; x_wconf 89' lang='lat' dir='ltr'><strong>deterius</strong></span> <span class='ocrx_word' id='word_1_294' title='bbox 1382 1554 1567 1608; x_wconf 88' lang='lat' dir='ltr'><strong>copulata</strong></span> <span class='ocrx_word' id='word_1_295' title='bbox 1594 1555 1771 1595; x_wconf 90' lang='lat' dir='ltr'><strong>oratione</strong></span> <span class='ocrx_word' id='word_1_296' title='bbox 1799 1568 1885 1594; x_wconf 89' lang='lat' dir='ltr'><strong>esse</strong></span> <span class='ocrx_word' id='word_1_297' title='bbox 1925 1561 2034 1595; x_wconf 87' lang='lat' dir='ltr'><strong>recte</strong></span> <span class='ocrx_word' id='word_1_298' title='bbox 2060 1554 2270 1607; x_wconf 88' lang='lat' dir='ltr'><strong>Kempfius</strong></span> <span class='ocrx_word' id='word_1_299' title='bbox 2297 1553 2322 1594; x_wconf 92' lang='lat' dir='ltr'><strong>l.</strong></span> <span class='ocrx_word' id='word_1_300' title='bbox 2352 1554 2379 1596; x_wconf 84' lang='lat' dir='ltr'><strong>l.</strong></span> 
     </span>
     <span class='ocr_line' id='line_1_26' title="bbox 85 1616 2382 1671; baseline -0.001 -13"><span class='ocrx_word' id='word_1_301' title='bbox 85 1631 127 1671; x_wconf 83' lang='lat' dir='ltr'><strong>p.</strong></span> <span class='ocrx_word' id='word_1_302' title='bbox 172 1617 220 1658; x_wconf 80' lang='lat'><strong>17</strong></span> <span class='ocrx_word' id='word_1_303' title='bbox 264 1616 413 1657; x_wconf 89' lang='lat' dir='ltr'><strong>docuit.</strong></span> <span class='ocrx_word' id='word_1_304' title='bbox 467 1616 577 1656; x_wconf 90' lang='lat' dir='ltr'><strong>aliud</strong></span> <span class='ocrx_word' id='word_1_305' title='bbox 611 1617 930 1671; x_wconf 90' lang='lat' dir='ltr'><strong>supplementum</strong></span> <span class='ocrx_word' id='word_1_306' title='bbox 969 1616 1144 1668; x_wconf 85' lang='lat' dir='ltr'><strong>infersit,</strong></span> <span class='ocrx_word' id='word_1_307' title='bbox 1190 1617 1303 1670; x_wconf 89' lang='lat' dir='ltr'><strong>quasi</strong></span> <span class='ocrx_word' id='word_1_308' title='bbox 1344 1618 1464 1657; x_wconf 84' lang='lat' dir='ltr'><strong>rimas</strong></span> <span class='ocrx_word' id='word_1_309' title='bbox 1515 1617 1717 1671; x_wconf 89' lang='lat' dir='ltr'><strong>expleret,</strong></span> <span class='ocrx_word' id='word_1_310' title='bbox 1768 1618 1812 1669; x_wconf 91' lang='lat'><strong>4,</strong></span> <span class='ocrx_word' id='word_1_311' title='bbox 1854 1618 1873 1657; x_wconf 92' lang='lat' dir='ltr'><strong>l</strong></span> <span class='ocrx_word' id='word_1_312' title='bbox 1913 1623 1994 1659; x_wconf 86' lang='lat' dir='ltr'><strong>ext.</strong></span> <span class='ocrx_word' id='word_1_313' title='bbox 2043 1617 2069 1658; x_wconf 85' lang='lat'>5</span> <span class='ocrx_word' id='word_1_314' title='bbox 2114 1617 2382 1671; x_wconf 88' lang='lat' dir='ltr'><strong>Stasippus</strong></span> 
     </span>
     <span class='ocr_line' id='line_1_27' title="bbox 85 1679 2382 1734; baseline 0 -15"><span class='ocrx_word' id='word_1_315' title='bbox 85 1679 380 1731; x_wconf 80' lang='lat' dir='ltr'><strong>Tegeates,</strong></span> <span class='ocrx_word' id='word_1_316' title='bbox 410 1679 747 1718; x_wconf 87' lang='lat' dir='ltr'><strong>hortantibus</strong></span> <span class='ocrx_word' id='word_1_317' title='bbox 776 1681 954 1719; x_wconf 90' lang='lat' dir='ltr'><strong>amicis</strong></span> <span class='ocrx_word' id='word_1_318' title='bbox 983 1686 1032 1719; x_wconf 91' lang='lat' dir='ltr'><strong>ut</strong></span> <span class='ocrx_word' id='word_1_319' title='bbox 1058 1693 1268 1731; x_wconf 90' lang='lat' dir='ltr'><strong>gravem</strong></span> <span class='ocrx_word' id='word_1_320' title='bbox 1295 1680 1348 1717; x_wconf 88' lang='lat' dir='ltr'><strong>in</strong></span> <span class='ocrx_word' id='word_1_321' title='bbox 1377 1679 1830 1719; x_wconf 88' lang='lat' dir='ltr'><strong>administratione</strong></span> <span class='ocrx_word' id='word_1_322' title='bbox 1857 1681 1928 1719; x_wconf 88' lang='lat' dir='ltr'><strong>rei</strong></span> <span class='ocrx_word' id='word_1_323' title='bbox 1949 1680 2191 1734; x_wconf 85' lang='lat' dir='ltr'><strong>publicae</strong></span> <span class='ocrx_word' id='word_1_324' title='bbox 2218 1692 2382 1720; x_wconf 88' lang='lat' dir='ltr'><strong>aemu-</strong></span> 
     </span>
     <span class='ocr_line' id='line_1_28' title="bbox 85 1741 2381 1795; baseline -0 -13"><span class='ocrx_word' id='word_1_325' title='bbox 85 1741 194 1793; x_wconf 90' lang='lat' dir='ltr'><strong>lum,</strong></span> <span class='ocrx_word' id='word_1_326' title='bbox 239 1742 329 1782; x_wconf 89' lang='lat' dir='ltr'><strong>sed</strong></span> <span class='ocrx_word' id='word_1_327' title='bbox 356 1741 555 1795; x_wconf 90' lang='lat' dir='ltr'><strong>alioqui</strong></span> <span class='ocrx_word' id='word_1_328' title='bbox 582 1742 796 1794; x_wconf 91' lang='lat' dir='ltr'><strong>probum</strong></span> <span class='ocrx_word' id='word_1_329' title='bbox 824 1749 872 1781; x_wconf 90' lang='lat' dir='ltr'><strong>et</strong></span> <span class='ocrx_word' id='word_1_330' title='bbox 907 1749 1143 1782; x_wconf 89' lang='lat' dir='ltr'><strong>ornatum</strong></span> <span class='ocrx_word' id='word_1_331' title='bbox 1185 1744 1356 1781; x_wconf 88' lang='lat' dir='ltr'><strong>virum</strong></span> <span class='ocrx_word' id='word_1_332' title='bbox 1397 1743 1627 1795; x_wconf 89' lang='lat' dir='ltr'><strong>qualibet</strong></span> <span class='ocrx_word' id='word_1_333' title='bbox 1667 1745 1872 1782; x_wconf 90' lang='lat' dir='ltr'><strong>ratione</strong></span> <span class='ocrx_word' id='word_1_334' title='bbox 1913 1742 1994 1782; x_wconf 81' lang='lat' dir='ltr'><strong>vel</strong></span> <span class='ocrx_word' id='word_1_335' title='bbox 2034 1743 2251 1782; x_wconf 90' lang='lat' dir='ltr'><strong>tolleret</strong></span> <span class='ocrx_word' id='word_1_336' title='bbox 2298 1743 2381 1781; x_wconf 87' lang='lat' dir='ltr'><strong>vel</strong></span> 
     </span>
     <span class='ocr_line' id='line_1_29' title="bbox 0 1805 2383 1860; baseline 0 -13"><span class='ocrx_word' id='word_1_337' title='bbox 0 1814 25 1847; x_wconf 62' lang='lat' dir='ltr'><em>A</em></span> <span class='ocrx_word' id='word_1_338' title='bbox 85 1810 450 1859; x_wconf 83' lang='lat' dir='ltr'><strong>summoveret,</strong></span> <span class='ocrx_word' id='word_1_339' title='bbox 480 1806 702 1860; x_wconf 86' lang='lat' dir='ltr'><strong>negavit</strong></span> <span class='ocrx_word' id='word_1_340' title='bbox 728 1819 778 1847; x_wconf 92' lang='lat' dir='ltr'><strong>se</strong></span> <span class='ocrx_word' id='word_1_341' title='bbox 806 1805 1077 1858; x_wconf 90' lang='lat' dir='ltr'><strong>facturum,</strong></span> <span class='ocrx_word' id='word_1_342' title='bbox 1107 1819 1167 1847; x_wconf 90' lang='lat' dir='ltr'><strong>ne</strong></span> <span class='ocrx_word' id='word_1_343' title='bbox 1195 1819 1341 1860; x_wconf 90' lang='lat' dir='ltr'><strong>quem</strong></span> <span class='ocrx_word' id='word_1_344' title='bbox 1369 1806 1419 1847; x_wconf 91' lang='lat' dir='ltr'><strong>in</strong></span> <span class='ocrx_word' id='word_1_345' title='bbox 1447 1805 1610 1847; x_wconf 88' lang='lat' dir='ltr'><strong>tutela</strong></span> <span class='ocrx_word' id='word_1_346' title='bbox 1636 1806 1840 1859; x_wconf 86' lang='lat' dir='ltr'><strong>patriae</strong></span> <span class='ocrx_word' id='word_1_347' title='bbox 1867 1805 2027 1847; x_wconf 88' lang='lat' dir='ltr'><strong>bonus</strong></span> <span class='ocrx_word' id='word_1_348' title='bbox 2058 1806 2186 1847; x_wconf 89' lang='lat' dir='ltr'><strong>civis</strong></span> <span class='ocrx_word' id='word_1_349' title='bbox 2212 1806 2383 1848; x_wconf 88' lang='lat' dir='ltr'><strong>locum</strong></span> 
     </span>
     <span class='ocr_line' id='line_1_30' title="bbox 84 1866 2382 1923; baseline 0.001 -18"><span class='ocrx_word' id='word_1_350' title='bbox 84 1868 368 1918; x_wconf 87' lang='lat' dir='ltr'><strong>obtineret,</strong></span> <span class='ocrx_word' id='word_1_351' title='bbox 396 1869 561 1906; x_wconf 89' lang='lat' dir='ltr'><strong>malus</strong></span> <span class='ocrx_word' id='word_1_352' title='bbox 589 1875 637 1906; x_wconf 91' lang='lat' dir='ltr'><strong>et</strong></span> <span class='ocrx_word' id='word_1_353' title='bbox 663 1868 924 1921; x_wconf 87' lang='lat' dir='ltr'><strong>inprobus</strong></span> <span class='ocrx_word' id='word_1_354' title='bbox 952 1874 1242 1921; x_wconf 88' lang='lat' dir='ltr'><strong>occuparet,</strong></span> <span class='ocrx_word' id='word_1_355' title='bbox 1272 1868 1341 1906; x_wconf 90' lang='lat' dir='ltr'><strong>ubi</strong></span> <span class='ocrx_word' id='word_1_356' title='bbox 1367 1873 1457 1921; x_wconf 91' lang='lat' dir='ltr'><strong>post</strong></span> <span class='ocrx_word' id='word_1_357' title='bbox 1484 1880 1695 1920; x_wconf 87' lang='lat' dir='ltr'><strong>gravem</strong></span> <span class='ocrx_word' id='word_1_358' title='bbox 1733 1868 1899 1923; x_wconf 85' lang='lat' dir='ltr'><strong>inseruit</strong></span> <span class='ocrx_word' id='word_1_359' title='bbox 1925 1866 2037 1907; x_wconf 86' lang='lat' dir='ltr'><strong>sibi.</strong></span> <span class='ocrx_word' id='word_1_360' title='bbox 2092 1866 2285 1907; x_wconf 83' lang='lat' dir='ltr'><strong>eiusmodi</strong></span> <span class='ocrx_word' id='word_1_361' title='bbox 2313 1866 2382 1907; x_wconf 77' lang='lat' dir='ltr'><strong>ad-</strong></span> 
     </span>
     <span class='ocr_line' id='line_1_31' title="bbox 85 1922 2382 1984; baseline -0 -13"><span class='ocrx_word' id='word_1_362' title='bbox 85 1929 316 1971; x_wconf 78' lang='lat' dir='ltr'><strong>ditamentis</strong></span> <span class='ocrx_word' id='word_1_363' title='bbox 339 1929 545 1972; x_wconf 82' lang='lat' dir='ltr'><strong>inutilibus</strong></span> <span class='ocrx_word' id='word_1_364' title='bbox 573 1946 594 1971; x_wconf 88' lang='lat' dir='ltr'><strong>e</strong></span> <span class='ocrx_word' id='word_1_365' title='bbox 622 1930 766 1971; x_wconf 86' lang='lat' dir='ltr'><strong>Paride</strong></span> <span class='ocrx_word' id='word_1_366' title='bbox 792 1932 928 1984; x_wconf 83' lang='lat' dir='ltr'><strong>petitis</strong></span> <span class='ocrx_word' id='word_1_367' title='bbox 955 1931 1043 1971; x_wconf 91' lang='lat' dir='ltr'><strong>aliis</strong></span> <span class='ocrx_word' id='word_1_368' title='bbox 1069 1945 1227 1984; x_wconf 89' lang='lat' dir='ltr'><strong>quoque</strong></span> <span class='ocrx_word' id='word_1_369' title='bbox 1254 1932 1352 1971; x_wconf 86' lang='lat' dir='ltr'><strong>locis</strong></span> <span class='ocrx_word' id='word_1_370' title='bbox 1381 1931 1533 1971; x_wconf 86' lang='lat' dir='ltr'><strong>Valerii</strong></span> <span class='ocrx_word' id='word_1_371' title='bbox 1561 1945 1781 1971; x_wconf 90' lang='lat' dir='ltr'><strong>sermonem</strong></span> <span class='ocrx_word' id='word_1_372' title='bbox 1809 1930 2082 1971; x_wconf 89' lang='lat' dir='ltr'><strong>dilucidiorem</strong></span> <span class='ocrx_word' id='word_1_373' title='bbox 2110 1931 2175 1969; x_wconf 88' lang='lat' dir='ltr'><strong>ille</strong></span> <span class='ocrx_word' id='word_1_374' title='bbox 2214 1922 2382 1970; x_wconf 86' lang='lat' dir='ltr'><strong>reddere</strong></span> 
     </span>
     <span class='ocr_line' id='line_1_32' title="bbox 83 1992 2382 2048; baseline -0 -14"><span class='ocrx_word' id='word_1_375' title='bbox 83 1992 248 2034; x_wconf 86' lang='lat' dir='ltr'><strong>studuit.</strong></span> <span class='ocrx_word' id='word_1_376' title='bbox 304 2006 398 2034; x_wconf 86' lang='lat' dir='ltr'><strong>nam</strong></span> <span class='ocrx_word' id='word_1_377' title='bbox 425 1993 575 2035; x_wconf 89' lang='lat' dir='ltr'><strong>nullam</strong></span> <span class='ocrx_word' id='word_1_378' title='bbox 602 1994 781 2048; x_wconf 88' lang='lat' dir='ltr'><strong>profecto</strong></span> <span class='ocrx_word' id='word_1_379' title='bbox 810 1993 929 2034; x_wconf 88' lang='lat' dir='ltr'><strong>video</strong></span> <span class='ocrx_word' id='word_1_380' title='bbox 957 2007 1131 2046; x_wconf 89' lang='lat' dir='ltr'><strong>causam,</strong></span> <span class='ocrx_word' id='word_1_381' title='bbox 1161 2008 1232 2034; x_wconf 88' lang='lat' dir='ltr'><strong>cur</strong></span> <span class='ocrx_word' id='word_1_382' title='bbox 1258 1994 1294 2046; x_wconf 86' lang='lat'><strong>6,</strong></span> <span class='ocrx_word' id='word_1_383' title='bbox 1315 1994 1352 2046; x_wconf 87' lang='lat'><strong>3,</strong></span> <span class='ocrx_word' id='word_1_384' title='bbox 1373 1993 1398 2033; x_wconf 89' lang='lat'><strong>3</strong></span> <span class='ocrx_word' id='word_1_385' title='bbox 1426 2008 1486 2033; x_wconf 90' lang='lat' dir='ltr'><strong>ne</strong></span> <span class='ocrx_word' id='word_1_386' title='bbox 1515 1994 1564 2034; x_wconf 89' lang='lat' dir='ltr'><strong>in</strong></span> <span class='ocrx_word' id='word_1_387' title='bbox 1593 1993 1638 2035; x_wconf 83' lang='lat' dir='ltr'><strong>C.</strong></span> <span class='ocrx_word' id='word_1_388' title='bbox 1665 1993 1867 2048; x_wconf 90' lang='lat' dir='ltr'><strong>quidem</strong></span> <span class='ocrx_word' id='word_1_389' title='bbox 1896 1994 2169 2045; x_wconf 91' lang='lat' dir='ltr'><strong>Vettieno,</strong></span> <span class='ocrx_word' id='word_1_390' title='bbox 2199 1994 2284 2047; x_wconf 90' lang='lat' dir='ltr'><strong>qui</strong></span> <span class='ocrx_word' id='word_1_391' title='bbox 2312 1994 2382 2033; x_wconf 90' lang='lat' dir='ltr'><strong>si-</strong></span> 
     </span>
     <span class='ocr_line' id='line_1_33' title="bbox 83 2056 2382 2112; baseline -0 -16"><span class='ocrx_word' id='word_1_392' title='bbox 83 2057 281 2097; x_wconf 89' lang='lat' dir='ltr'><strong>nistrae</strong></span> <span class='ocrx_word' id='word_1_393' title='bbox 308 2071 486 2097; x_wconf 91' lang='lat' dir='ltr'><strong>manus</strong></span> <span class='ocrx_word' id='word_1_394' title='bbox 512 2057 734 2112; x_wconf 84' lang='lat' dir='ltr'><strong>digitos,</strong></span> <span class='ocrx_word' id='word_1_395' title='bbox 764 2071 823 2097; x_wconf 91' lang='lat' dir='ltr'><strong>ne</strong></span> <span class='ocrx_word' id='word_1_396' title='bbox 851 2056 986 2097; x_wconf 91' lang='lat' dir='ltr'><strong>bello</strong></span> <span class='ocrx_word' id='word_1_397' title='bbox 1015 2057 1203 2097; x_wconf 89' lang='lat' dir='ltr'><strong>Italico</strong></span> <span class='ocrx_word' id='word_1_398' title='bbox 1231 2058 1504 2109; x_wconf 88' lang='lat' dir='ltr'><strong>militaret,</strong></span> <span class='ocrx_word' id='word_1_399' title='bbox 1534 2056 1859 2109; x_wconf 84' lang='lat' dir='ltr'><strong>absciderat,</strong></span> <span class='ocrx_word' id='word_1_400' title='bbox 1890 2058 2147 2097; x_wconf 86' lang='lat' dir='ltr'><strong>severitas</strong></span> <span class='ocrx_word' id='word_1_401' title='bbox 2175 2062 2382 2096; x_wconf 87' lang='lat' dir='ltr'><strong>senatus</strong></span> 
     </span>
     <span class='ocr_line' id='line_1_34' title="bbox 84 2119 2382 2174; baseline -0 -15"><span class='ocrx_word' id='word_1_402' title='bbox 84 2121 317 2167; x_wconf 67' lang='lat' dir='ltr'><strong>cessavit</strong></span> <span class='ocrx_word' id='word_1_403' title='bbox 343 2126 438 2160; x_wconf 91' lang='lat' dir='ltr'><strong>ante</strong></span> <span class='ocrx_word' id='word_1_404' title='bbox 466 2122 724 2161; x_wconf 88' lang='lat' dir='ltr'><strong>sinistrae</strong></span> <span class='ocrx_word' id='word_1_405' title='bbox 750 2121 960 2160; x_wconf 89' lang='lat' dir='ltr'><strong>inseruerit</strong></span> <span class='ocrx_word' id='word_1_406' title='bbox 987 2120 1105 2174; x_wconf 35' lang='lat' dir='ltr'><strong>sib-i,</strong></span> <span class='ocrx_word' id='word_1_407' title='bbox 1135 2134 1264 2174; x_wconf 87' lang='lat' dir='ltr'><strong>neque</strong></span> <span class='ocrx_word' id='word_1_408' title='bbox 1298 2134 1369 2160; x_wconf 89' lang='lat' dir='ltr'><strong>cur</strong></span> <span class='ocrx_word' id='word_1_409' title='bbox 1396 2121 1432 2172; x_wconf 85' lang='lat'><strong>6,</strong></span> <span class='ocrx_word' id='word_1_410' title='bbox 1462 2121 1498 2171; x_wconf 78' lang='lat'><strong>2,</strong></span> <span class='ocrx_word' id='word_1_411' title='bbox 1531 2122 1550 2159; x_wconf 96' lang='grc'>1</span> <span class='ocrx_word' id='word_1_412' title='bbox 1580 2120 1837 2161; x_wconf 86' lang='lat' dir='ltr'><strong>Priverno</strong></span> <span class='ocrx_word' id='word_1_413' title='bbox 1865 2127 2014 2174; x_wconf 89' lang='lat' dir='ltr'><strong>capto</strong></span> <span class='ocrx_word' id='word_1_414' title='bbox 2052 2119 2382 2160; x_wconf 89' lang='lat' dir='ltr'><strong>interfectis·</strong></span> 
     </span>
     <span class='ocr_line' id='line_1_35' title="bbox 84 2177 2383 2239; baseline -0 -16"><span class='ocrx_word' id='word_1_415' title='bbox 84 2196 176 2239; x_wconf 90' lang='lat' dir='ltr'><strong>que</strong></span> <span class='ocrx_word' id='word_1_416' title='bbox 204 2182 371 2238; x_wconf 83' lang='lat' dir='ltr'><strong>quiid</strong></span> <span class='ocrx_word' id='word_1_417' title='bbox 399 2183 648 2239; x_wconf 89' lang='lat' dir='ltr'><strong>oppidum</strong></span> <span class='ocrx_word' id='word_1_418' title='bbox 676 2183 739 2226; x_wconf 92' lang='lat' dir='ltr'><strong>ad</strong></span> <span class='ocrx_word' id='word_1_419' title='bbox 765 2177 1128 2225; x_wconf 84' lang='lat' dir='ltr'><strong>rebellandum</strong></span> <span class='ocrx_word' id='word_1_420' title='bbox 1158 2184 1539 2236; x_wconf 89' lang='lat' dir='ltr'><strong>incitaverant,</strong></span> <span class='ocrx_word' id='word_1_421' title='bbox 1570 2190 1786 2226; x_wconf 88' lang='lat' dir='ltr'><strong>senatus</strong></span> <span class='ocrx_word' id='word_1_422' title='bbox 1813 2184 2166 2238; x_wconf 85' lang='lat' dir='ltr'><strong>indignatione</strong></span> <span class='ocrx_word' id='word_1_423' title='bbox 2202 2197 2383 2224; x_wconf 83' lang='lat' dir='ltr'><strong>accen·</strong></span> 
     </span>
     <span class='ocr_line' id='line_1_36' title="bbox 83 2243 2384 2300; baseline -0 -14"><span class='ocrx_word' id='word_1_424' title='bbox 83 2243 165 2286; x_wconf 78' lang='lat' dir='ltr'><strong>sus</strong></span> <span class='ocrx_word' id='word_1_425' title='bbox 192 2247 468 2286; x_wconf 80' lang='lat' dir='ltr'><strong>consilium</strong></span> <span class='ocrx_word' id='word_1_426' title='bbox 495 2248 740 2299; x_wconf 85' lang='lat' dir='ltr'><strong>agitabat</strong></span> <span class='ocrx_word' id='word_1_427' title='bbox 767 2248 1016 2300; x_wconf 88' lang='lat' dir='ltr'><strong>quidnam</strong></span> <span class='ocrx_word' id='word_1_428' title='bbox 1061 2248 1159 2285; x_wconf 87' lang='lat' dir='ltr'><strong>sibi</strong></span> <span class='ocrx_word' id='word_1_429' title='bbox 1203 2248 1259 2286; x_wconf 90' lang='lat' dir='ltr'><strong>de</strong></span> <span class='ocrx_word' id='word_1_430' title='bbox 1300 2248 1525 2299; x_wconf 89' lang='lat' dir='ltr'><strong>reliquis</strong></span> <span class='ocrx_word' id='word_1_431' title='bbox 1565 2260 1767 2300; x_wconf 90' lang='lat' dir='ltr'><strong>quoque</strong></span> <span class='ocrx_word' id='word_1_432' title='bbox 1795 2246 2198 2286; x_wconf 80' lang='lat' dir='ltr'><strong>Privernatibus</strong></span> <span class='ocrx_word' id='word_1_433' title='bbox 2242 2252 2384 2285; x_wconf 87' lang='lat' dir='ltr'><strong>esset</strong></span> 
     </span>
     <span class='ocr_line' id='line_1_37' title="bbox 83 2308 2382 2363; baseline -0.003 -10"><span class='ocrx_word' id='word_1_434' title='bbox 83 2308 391 2353; x_wconf 76' lang='lat' dir='ltr'><strong>faciendum.</strong></span> <span class='ocrx_word' id='word_1_435' title='bbox 447 2311 676 2363; x_wconf 89' lang='lat' dir='ltr'><strong>ancipiti</strong></span> <span class='ocrx_word' id='word_1_436' title='bbox 703 2311 874 2363; x_wconf 88' lang='lat' dir='ltr'><strong>igitur</strong></span> <span class='ocrx_word' id='word_1_437' title='bbox 902 2324 1025 2350; x_wconf 86' lang='lat' dir='ltr'><strong>casu</strong></span> <span class='ocrx_word' id='word_1_438' title='bbox 1052 2310 1194 2350; x_wconf 88' lang='lat' dir='ltr'><strong>salus</strong></span> <span class='ocrx_word' id='word_1_439' title='bbox 1232 2324 1405 2349; x_wconf 90' lang='lat' dir='ltr'><strong>eorum</strong></span> <span class='ocrx_word' id='word_1_440' title='bbox 1444 2310 1823 2361; x_wconf 85' lang='lat' dir='ltr'><strong>fluctuabatur,</strong></span> <span class='ocrx_word' id='word_1_441' title='bbox 1862 2310 2033 2349; x_wconf 88' lang='lat' dir='ltr'><strong>eodem</strong></span> <span class='ocrx_word' id='word_1_442' title='bbox 2069 2317 2298 2361; x_wconf 88' lang='lat' dir='ltr'><strong>tempore</strong></span> <span class='ocrx_word' id='word_1_443' title='bbox 2336 2315 2382 2347; x_wconf 88' lang='lat' dir='ltr'><strong>et</strong></span> 
     </span>
     <span class='ocr_line' id='line_1_38' title="bbox 83 2372 2382 2427; baseline -0 -13"><span class='ocrx_word' id='word_1_444' title='bbox 83 2372 378 2414; x_wconf 78' lang='lat' dir='ltr'><strong>victoribus</strong></span> <span class='ocrx_word' id='word_1_445' title='bbox 405 2378 452 2415; x_wconf 92' lang='lat' dir='ltr'><strong>et</strong></span> <span class='ocrx_word' id='word_1_446' title='bbox 477 2373 628 2414; x_wconf 91' lang='lat' dir='ltr'><strong>iratis</strong></span> <span class='ocrx_word' id='word_1_447' title='bbox 663 2372 924 2415; x_wconf 89' lang='lat' dir='ltr'><strong>subiecta.</strong></span> <span class='ocrx_word' id='word_1_448' title='bbox 981 2379 1208 2414; x_wconf 89' lang='lat' dir='ltr'><strong>ceterum</strong></span> <span class='ocrx_word' id='word_1_449' title='bbox 1249 2387 1358 2414; x_wconf 92' lang='lat' dir='ltr'><strong>cum</strong></span> <span class='ocrx_word' id='word_1_450' title='bbox 1396 2373 1650 2414; x_wconf 88' lang='lat' dir='ltr'><strong>auxilium</strong></span> <span class='ocrx_word' id='word_1_451' title='bbox 1690 2374 1892 2414; x_wconf 90' lang='lat' dir='ltr'><strong>unicum</strong></span> <span class='ocrx_word' id='word_1_452' title='bbox 1934 2374 1986 2414; x_wconf 89' lang='lat' dir='ltr'><strong>in</strong></span> <span class='ocrx_word' id='word_1_453' title='bbox 2028 2372 2267 2427; x_wconf 90' lang='lat' dir='ltr'><strong>precibus</strong></span> <span class='ocrx_word' id='word_1_454' title='bbox 2305 2386 2382 2412; x_wconf 89' lang='lat' dir='ltr'><strong>re-</strong></span> 
     </span>
     <span class='ocr_line' id='line_1_39' title="bbox 83 2436 2381 2491; baseline -0 -15"><span class='ocrx_word' id='word_1_455' title='bbox 83 2441 224 2476; x_wconf 81' lang='lat' dir='ltr'><strong>stare</strong></span> <span class='ocrx_word' id='word_1_456' title='bbox 252 2436 769 2488; x_wconf 84' lang='lat' dir='ltr'><strong>animadverterent,</strong></span> <span class='ocrx_word' id='word_1_457' title='bbox 800 2438 1026 2491; x_wconf 92' lang='lat' dir='ltr'><strong>ingenui</strong></span> <span class='ocrx_word' id='word_1_458' title='bbox 1054 2442 1101 2476; x_wconf 91' lang='lat' dir='ltr'><strong>et</strong></span> <span class='ocrx_word' id='word_1_459' title='bbox 1129 2436 1312 2476; x_wconf 88' lang='lat' dir='ltr'><strong>Italici</strong></span> <span class='ocrx_word' id='word_1_460' title='bbox 1345 2437 1615 2489; x_wconf 84' lang='lat' dir='ltr'><strong>sanguinis</strong></span> <span class='ocrx_word' id='word_1_461' title='bbox 1658 2436 1918 2477; x_wconf 86' lang='lat' dir='ltr'><strong>oblivisci</strong></span> <span class='ocrx_word' id='word_1_462' title='bbox 1958 2449 2053 2476; x_wconf 89' lang='lat' dir='ltr'><strong>non</strong></span> <span class='ocrx_word' id='word_1_463' title='bbox 2092 2440 2381 2490; x_wconf 88' lang='lat' dir='ltr'><strong>potuerunt.</strong></span> 
     </span>
     <span class='ocr_line' id='line_1_40' title="bbox 83 2500 2381 2553; baseline -0.001 -14"><span class='ocrx_word' id='word_1_464' title='bbox 83 2500 327 2553; x_wconf 86' lang='lat' dir='ltr'><strong>princeps</strong></span> <span class='ocrx_word' id='word_1_465' title='bbox 354 2501 489 2539; x_wconf 90' lang='lat' dir='ltr'><strong>enim</strong></span> <span class='ocrx_word' id='word_1_466' title='bbox 517 2513 688 2539; x_wconf 90' lang='lat' dir='ltr'><strong>eorum</strong></span> <span class='ocrx_word' id='word_1_467' title='bbox 716 2501 763 2538; x_wconf 89' lang='lat' dir='ltr'><strong>in</strong></span> <span class='ocrx_word' id='word_1_468' title='bbox 792 2502 938 2539; x_wconf 90' lang='lat' dir='ltr'><strong>curia</strong></span> <span class='ocrx_word' id='word_1_469' title='bbox 965 2501 1334 2551; x_wconf 87' lang='lat' dir='ltr'><strong>interrogatus</strong></span> <span class='ocrx_word' id='word_1_470' title='bbox 1367 2513 1516 2552; x_wconf 88' lang='lat' dir='ltr'><strong>quam</strong></span> <span class='ocrx_word' id='word_1_471' title='bbox 1558 2513 1766 2551; x_wconf 89' lang='lat' dir='ltr'><strong>poenam</strong></span> <span class='ocrx_word' id='word_1_472' title='bbox 1801 2506 2138 2550; x_wconf 89' lang='lat' dir='ltr'><strong>mererentur,</strong></span> <span class='ocrx_word' id='word_1_473' title='bbox 2176 2511 2381 2550; x_wconf 89' lang='lat' dir='ltr'><strong>respon·</strong></span> 
     </span>
     <span class='ocr_line' id='line_1_41' title="bbox 0 2561 2381 2616; baseline -0.001 -14"><span class='ocrx_word' id='word_1_474' title='bbox 0 2563 19 2613; x_wconf 66' lang='grc' dir='ltr'><strong>ζ’·</strong></span> <span class='ocrx_word' id='word_1_475' title='bbox 84 2561 181 2603; x_wconf 86' lang='lat' dir='ltr'><strong>dit:</strong></span> <span class='ocrx_word' id='word_1_476' title='bbox 225 2563 386 2615; x_wconf 85' lang='lat' dir='ltr'><strong>‘quam</strong></span> <span class='ocrx_word' id='word_1_477' title='bbox 412 2568 673 2602; x_wconf 86' lang='lat' dir='ltr'><strong>merentur</strong></span> <span class='ocrx_word' id='word_1_478' title='bbox 698 2563 859 2616; x_wconf 81' lang='lat' dir='ltr'><strong>quise</strong></span> <span class='ocrx_word' id='word_1_479' title='bbox 887 2561 1064 2615; x_wconf 91' lang='lat' dir='ltr'><strong>dignos</strong></span> <span class='ocrx_word' id='word_1_480' title='bbox 1092 2561 1335 2602; x_wconf 89' lang='lat' dir='ltr'><strong>libertate</strong></span> <span class='ocrx_word' id='word_1_481' title='bbox 1363 2561 1609 2601; x_wconf 88' lang='lat' dir='ltr'><strong>iudicant&#39;</strong></span> <span class='ocrx_word' id='word_1_482' title='bbox 1639 2568 1728 2615; x_wconf 91' lang='lat' dir='ltr'><strong>post</strong></span> <span class='ocrx_word' id='word_1_483' title='bbox 1755 2576 1965 2615; x_wconf 89' lang='lat' dir='ltr'><strong>poenam</strong></span> <span class='ocrx_word' id='word_1_484' title='bbox 2005 2561 2206 2601; x_wconf 87' lang='lat' dir='ltr'><strong>addiderit</strong></span> <span class='ocrx_word' id='word_1_485' title='bbox 2234 2562 2381 2604; x_wconf 52' lang='lat' dir='ltr'><strong>ciues</strong></span> 
     </span>
     <span class='ocr_line' id='line_1_42' title="bbox 0 2613 2376 2678; baseline -0 -14"><span class='ocrx_word' id='word_1_486' title='bbox 0 2613 60 2647; x_wconf 29' lang='grc' dir='ltr'>Α</span> <span class='ocrx_word' id='word_1_487' title='bbox 84 2625 196 2664; x_wconf 85' lang='lat' dir='ltr'><strong>eius</strong></span> <span class='ocrx_word' id='word_1_488' title='bbox 223 2625 345 2678; x_wconf 88' lang='lat' dir='ltr'><strong>pati.</strong></span> <span class='ocrx_word' id='word_1_489' title='bbox 401 2630 513 2678; x_wconf 87' lang='lat' dir='ltr'><strong>patet</strong></span> <span class='ocrx_word' id='word_1_490' title='bbox 539 2626 644 2664; x_wconf 89' lang='lat' dir='ltr'><strong>enim</strong></span> <span class='ocrx_word' id='word_1_491' title='bbox 672 2626 893 2678; x_wconf 82' lang='lat' dir='ltr'><strong>principem</strong></span> <span class='ocrx_word' id='word_1_492' title='bbox 912 2625 1209 2665; x_wconf 86' lang='lat' dir='ltr'><strong>Privernatium</strong></span> <span class='ocrx_word' id='word_1_493' title='bbox 1236 2639 1262 2664; x_wconf 92' lang='lat' dir='ltr'><strong>a</strong></span> <span class='ocrx_word' id='word_1_494' title='bbox 1289 2624 1516 2664; x_wconf 88' lang='lat' dir='ltr'><strong>consulibus</strong></span> <span class='ocrx_word' id='word_1_495' title='bbox 1544 2625 1833 2677; x_wconf 87' lang='lat' dir='ltr'><strong>interrogatum</strong></span> <span class='ocrx_word' id='word_1_496' title='bbox 1849 2639 1947 2676; x_wconf 90' lang='lat' dir='ltr'><strong>esse,</strong></span> <span class='ocrx_word' id='word_1_497' title='bbox 1978 2638 2098 2677; x_wconf 89' lang='lat' dir='ltr'><strong>quam</strong></span> <span class='ocrx_word' id='word_1_498' title='bbox 2120 2637 2290 2676; x_wconf 87' lang='lat' dir='ltr'><strong>poenam</strong></span> <span class='ocrx_word' id='word_1_499' title='bbox 2316 2638 2376 2663; x_wconf 87' lang='lat' dir='ltr'><strong>re·</strong></span> 
     </span>
     <span class='ocr_line' id='line_1_43' title="bbox 81 2681 2381 2742; baseline -0.001 -14"><span class='ocrx_word' id='word_1_500' title='bbox 81 2681 211 2742; x_wconf 88' lang='lat' dir='ltr'><strong>liquos</strong></span> <span class='ocrx_word' id='word_1_501' title='bbox 237 2688 496 2728; x_wconf 83' lang='lat' dir='ltr'><strong>Privernates</strong></span> <span class='ocrx_word' id='word_1_502' title='bbox 523 2688 684 2728; x_wconf 89' lang='lat' dir='ltr'><strong>meritos</strong></span> <span class='ocrx_word' id='word_1_503' title='bbox 711 2700 797 2728; x_wconf 85' lang='lat' dir='ltr'><strong>esse</strong></span> <span class='ocrx_word' id='word_1_504' title='bbox 823 2693 1014 2728; x_wconf 89' lang='lat' dir='ltr'><strong>censeret.</strong></span> <span class='ocrx_word' id='word_1_505' title='bbox 1061 2700 1190 2741; x_wconf 89' lang='lat' dir='ltr'><strong>neque</strong></span> <span class='ocrx_word' id='word_1_506' title='bbox 1218 2688 1430 2741; x_wconf 89' lang='lat' dir='ltr'><strong>quicquam</strong></span> <span class='ocrx_word' id='word_1_507' title='bbox 1447 2687 1565 2739; x_wconf 88' lang='lat' dir='ltr'><strong>Livii,</strong></span> <span class='ocrx_word' id='word_1_508' title='bbox 1595 2701 1712 2740; x_wconf 89' lang='lat' dir='ltr'><strong>quem</strong></span> <span class='ocrx_word' id='word_1_509' title='bbox 1738 2687 1804 2727; x_wconf 92' lang='lat' dir='ltr'><strong>ille</strong></span> <span class='ocrx_word' id='word_1_510' title='bbox 1832 2694 1970 2729; x_wconf 90' lang='lat' dir='ltr'><strong>testem</strong></span> <span class='ocrx_word' id='word_1_511' title='bbox 2000 2686 2285 2727; x_wconf 84' lang='lat' dir='ltr'><strong>emendationis</strong></span> <span class='ocrx_word' id='word_1_512' title='bbox 2312 2685 2381 2726; x_wconf 86' lang='lat' dir='ltr'><strong>ad-</strong></span> 
     </span>
     <span class='ocr_line' id='line_1_44' title="bbox 82 2743 2404 2804; baseline -0.001 -13"><span class='ocrx_word' id='word_1_513' title='bbox 82 2743 173 2802; x_wconf 81' lang='lat' dir='ltr'><strong>fert,</strong></span> <span class='ocrx_word' id='word_1_514' title='bbox 192 2750 319 2791; x_wconf 87' lang='lat' dir='ltr'><strong>verba</strong></span> <span class='ocrx_word' id='word_1_515' title='bbox 337 2750 374 2803; x_wconf 89' lang='lat'><strong>8,</strong></span> <span class='ocrx_word' id='word_1_516' title='bbox 393 2751 443 2791; x_wconf 83' lang='lat'><strong>21</strong></span> <span class='ocrx_word' id='word_1_517' title='bbox 462 2763 591 2791; x_wconf 90' lang='lat' dir='ltr'><strong>unus</strong></span> <span class='ocrx_word' id='word_1_518' title='bbox 618 2763 677 2790; x_wconf 87' lang='lat' dir='ltr'><strong>ex</strong></span> <span class='ocrx_word' id='word_1_519' title='bbox 695 2751 1101 2792; x_wconf 87' lang='lat' dir='ltr'><strong>Privernatibus</strong></span> <span class='ocrx_word' id='word_1_520' title='bbox 1130 2750 1319 2804; x_wconf 89' lang='lat' dir='ltr'><strong>legatis</strong></span> <span class='ocrx_word' id='word_1_521' title='bbox 1344 2752 1695 2804; x_wconf 87' lang='lat' dir='ltr'><strong>interrogatus</strong></span> <span class='ocrx_word' id='word_1_522' title='bbox 1713 2764 1738 2790; x_wconf 87' lang='lat' dir='ltr'><strong>a</strong></span> <span class='ocrx_word' id='word_1_523' title='bbox 1758 2751 1970 2804; x_wconf 89' lang='lat' dir='ltr'><strong>quodam</strong></span> <span class='ocrx_word' id='word_1_524' title='bbox 1996 2750 2255 2790; x_wconf 87' lang='lat' dir='ltr'><strong>tristioris</strong></span> <span class='ocrx_word' id='word_1_525' title='bbox 2275 2762 2404 2800; x_wconf 29' lang='lat' dir='ltr'><strong>sen-¹</strong></span> 
     </span>
    </p>
   </div>
   <div class='ocr_carea' id='block_1_6' title="bbox 84 2810 2381 2870">
    <p class='ocr_par' dir='ltr' id='par_1_10' title="bbox 84 2810 2381 2870">
     <span class='ocr_line' id='line_1_45' title="bbox 84 2810 2381 2870; baseline -0.001 -14"><span class='ocrx_word' id='word_1_526' title='bbox 84 2810 284 2856; x_wconf 70' lang='lat' dir='ltr'><strong>tentiae</strong></span> <span class='ocrx_word' id='word_1_527' title='bbox 308 2821 538 2868; x_wconf 91' lang='lat' dir='ltr'><strong>auctore,</strong></span> <span class='ocrx_word' id='word_1_528' title='bbox 559 2827 707 2870; x_wconf 86' lang='lat' dir='ltr'><strong>quam</strong></span> <span class='ocrx_word' id='word_1_529' title='bbox 727 2828 933 2869; x_wconf 90' lang='lat' dir='ltr'><strong>poenam</strong></span> <span class='ocrx_word' id='word_1_530' title='bbox 951 2816 1167 2856; x_wconf 90' lang='lat' dir='ltr'><strong>meritos</strong></span> <span class='ocrx_word' id='word_1_531' title='bbox 1186 2815 1530 2856; x_wconf 89' lang='lat' dir='ltr'><strong>Privernates</strong></span> <span class='ocrx_word' id='word_1_532' title='bbox 1551 2821 1793 2856; x_wconf 89' lang='lat' dir='ltr'><strong>censeret</strong></span> <span class='ocrx_word' id='word_1_533' title='bbox 1810 2814 1967 2858; x_wconf 88' lang='lat' dir='ltr'><strong>docent.</strong></span> <span class='ocrx_word' id='word_1_534' title='bbox 1988 2838 2039 2845; x_wconf 97' lang='lat'><strong>—</strong></span> <span class='ocrx_word' id='word_1_535' title='bbox 2056 2814 2203 2855; x_wconf 89' lang='lat' dir='ltr'><strong>Omnes</strong></span> <span class='ocrx_word' id='word_1_536' title='bbox 2222 2818 2381 2867; x_wconf 84' lang='lat' dir='ltr'><strong>praeter</strong></span> 
     </span>
    </p>
   </div>
  </div>
 </body>
</html>
