2442 3365
1218 851 1294 922 L

606 1058 1233 1147 Quaestionem
1277 1058 1882 1127 valerianae.

97 1410 259 1560 Quae
286 1500 458 1551 epitome
473 1498 630 1537 Paridis
659 1512 680 1536 e
709 1498 846 1537 codice
865 1499 1063 1539 Vaticano
1090 1499 1142 1538 ab
1161 1499 1319 1552 Angelo
1335 1499 1417 1538 Mai
1445 1513 1481 1540 a.
1514 1499 1616 1539 1828
1645 1499 1753 1538 edita
1780 1504 1851 1549 est,
1881 1511 1970 1537 eam
1998 1510 2191 1551 magnum
2215 1497 2380 1551 quidem

99 1573 372 1613 adiumentum
399 1572 451 1611 ad
478 1572 630 1612 Valerii
657 1572 824 1611 Maximi
852 1571 974 1612 libros
1000 1574 1269 1614 emendandos
1295 1588 1380 1613 esse
1418 1574 1597 1614 homines
1635 1573 1741 1613 docti
1778 1573 2052 1623 consentiunt,
2090 1571 2162 1611 sed
2198 1572 2379 1611 maiorne

100 1636 138 1676 ei
165 1648 285 1690 quam
313 1633 516 1675 codicibus
542 1635 756 1675 auctoritas
783 1630 1039 1676 concedenda
1066 1637 1128 1690 sit,
1153 1650 1206 1677 an
1233 1642 1349 1677 caute
1375 1636 1442 1677 illa
1469 1635 1708 1690 adhibenda,
1736 1635 1841 1675 inter
1867 1648 1909 1675 se
1937 1632 2141 1676 dissident.
2196 1633 2244 1675 C.
2271 1634 2378 1675 enim

96 1699 317 1752 Kempfius,
345 1700 413 1752 qui
441 1699 481 1737 in
507 1699 752 1751 praefatione
780 1698 842 1755 ed.
871 1713 909 1751 p.
937 1699 1000 1751 51,
1030 1701 1103 1740 etsi
1130 1701 1316 1740 eximiam
1337 1700 1411 1740 sibi
1445 1713 1560 1754 opem
1587 1700 1764 1750 tulisset,
1807 1705 1941 1738 tamen
1976 1711 2126 1751 magna
2162 1711 2253 1738 eum
2283 1711 2379 1738 cau·

94 1763 205 1801 tione
232 1762 398 1801 dixisset
424 1775 472 1800 ea
497 1761 687 1800 utendum
714 1761 846 1811 fuisse,
875 1762 982 1813 quod
999 1763 1235 1816 aliquotiens
1262 1765 1429 1816 scriptor
1455 1777 1535 1802 non
1563 1764 1687 1802 solum
1717 1764 1756 1801 in
1783 1762 1917 1801 verbis
1944 1761 2016 1800 sed
2042 1762 2164 1800 etiam
2193 1762 2236 1800 in
2254 1761 2376 1800 rebus

99 1823 332 1866 enarrandis
358 1836 504 1877 magno
525 1837 644 1877 opere
663 1837 752 1864 cum
770 1824 933 1865 Valerio
953 1824 1189 1879 dissentiret,
1219 1841 1243 1867 a
1262 1826 1308 1867 O.
1329 1825 1488 1866 Halmio
1505 1827 1546 1866 in
1566 1823 1908 1866 emendationibus
1927 1823 2153 1865 Valerianis
2172 1822 2378 1865 Monachii

98 1901 135 1926 a.
165 1887 268 1926 1854
295 1887 411 1925 editis
438 1893 478 1924 et
504 1888 545 1924 in
574 1887 746 1925 editione
773 1902 811 1939 p.
834 1888 869 1928 1.
898 1889 1146 1943 vituperatus
1172 1896 1243 1940 est,
1272 1892 1377 1942 quod
1406 1902 1456 1927 ne
1483 1890 1567 1941 ipse
1595 1888 1755 1941 quidem
1783 1889 1889 1926 hunc
1915 1886 2205 1925 emendationis
2221 1882 2374 1925 fontem

97 1949 215 2002 plane
243 1949 513 2000 exhausisset,
568 1949 638 1988 sed
682 1951 722 1988 in
767 1951 814 1989 iis
854 1951 1053 2003 partibus,
1100 1966 1199 2005 quas
1241 1953 1408 2005 epitome
1450 1952 1637 2002 haberet,
1678 1965 1824 2004 easque
1856 1964 2049 2003 persaepe
2080 1952 2158 2000 ita,
2207 1956 2250 1988 ut
2284 1950 2375 2001 ipsa

94 2011 251 2053 Valerii
280 2011 405 2051 verba
432 2018 501 2052 aut
528 2013 684 2064 integra
712 2018 782 2052 aut
809 2013 970 2066 paulum
997 2015 1193 2056 inmutata
1219 2015 1468 2068 adparerent,
1504 2014 1708 2054 codicibus
1735 2013 1961 2054 Valerianis
1987 2013 2153 2052 nimium
2181 2025 2371 2065 magnam

94 2074 215 2113 fidem
241 2074 455 2115 habuisset.
510 2074 687 2113 codicem
714 2076 819 2114 enim
847 2076 1106 2131 Vaticanum,
1149 2084 1197 2129 ut·
1224 2082 1420 2117 vetustate
1447 2076 1692 2117 Bemensem
1720 2076 1872 2116 Valerii
1908 2080 2120 2130 aequaret,
2163 2077 2220 2114 ita
2254 2085 2372 2128 prae-

96 2139 242 2177 stantia
269 2138 389 2176 etiam
416 2152 614 2190 superare,
644 2152 734 2177 cum
760 2139 898 2179 Paridi
924 2140 1067 2180 librum
1095 2142 1146 2180 ad
1174 2156 1334 2181 manum
1362 2142 1482 2179 fuisse
1510 2141 1732 2193 adpareret,
1769 2142 1838 2192 qui
1866 2146 1905 2178 et
1932 2139 2165 2191 integritate
2194 2145 2234 2177 et
2260 2137 2372 2176 boni·

93 2206 177 2241 tate
204 2199 395 2251 omnibus,
425 2200 494 2253 qui
520 2200 636 2240 hodie
665 2207 879 2254 exstarent,
908 2203 1075 2244 multum
1113 2211 1345 2257 praestaret.
1403 2210 1521 2257 atque
1551 2210 1594 2243 ut
1621 2203 1793 2254 doceret,
1823 2215 1942 2255 quem
1985 2201 2157 2241 fluctum
2196 2200 2371 2254 epitome

94 2263 362 2303 emendationi
389 2262 579 2302 librorum
598 2265 902 2322 Valerianorum
929 2266 1032 2306 ferre
1060 2275 1203 2321 posset,
1233 2269 1316 2308 eius
1344 2282 1416 2322 ope
1445 2267 1587 2307 multos
1615 2266 1733 2317 Ιοοοε,
1763 2267 1832 2319 qui
1860 2266 1957 2320 quin
1984 2265 2072 2304 sani
2104 2270 2236 2303 essent
2261 2277 2362 2302 nun-

94 2340 214 2380 quam
256 2327 464 2379 quisquam
509 2334 601 2367 ante
649 2342 739 2368 eum
779 2328 1043 2382 dubitaverat,
1087 2333 1269 2371 correxit.
1339 2346 1362 2370 a
1406 2346 1483 2384 quo
1525 2331 1735 2383 Kempfius
1781 2331 1822 2369 in
1874 2328 2080 2381 praeclara
2129 2333 2369 2367 commenta·

92 2390 211 2441 tione,
240 2403 343 2442 quae
375 2390 565 2443 inscripta
594 2397 653 2431 est
680 2406 807 2432 novae
827 2394 1077 2445 quaestiones
1099 2394 1340 2435 Valerianae
1367 2394 1497 2435 Ber-ol.
1530 2393 1631 2433 1866
1650 2395 1719 2434 ita
1746 2408 1788 2433 se
1817 2391 2006 2442 defendit,
2038 2397 2082 2431 ut
2096 2389 2294 2440 Paridem,
2325 2391 2368 2430 in

95 2452 238 2505 quibus
263 2458 367 2492 totus
396 2465 418 2490 e
446 2452 607 2492 Valerio
635 2454 837 2506 penderet,
867 2469 917 2494 ne
946 2469 994 2496 ea
1013 2457 1181 2511 »quidem
1210 2457 1359 2498 diceret
1385 2458 1441 2496 ita
1457 2457 1733 2509 excerpsisse,
1777 2464 1820 2495 ut
1859 2467 1938 2494 non
1976 2453 2123 2506 ubique
2163 2451 2368 2505 quaedam

93 2516 359 2555 constituisset
386 2515 501 2555 aliter
529 2522 648 2568 atque
666 2517 707 2555 in
726 2531 796 2556 suo
815 2518 977 2558 Valerio
1004 2520 1232 2560 invenisset.
1287 2521 1501 2560 inmutasse
1522 2520 1625 2558 enim
1641 2519 1693 2558 ad
1713 2519 1919 2558 arbitrium
1938 2510 2151 2557 verborum
2169 2514 2365 2573 ordine-m,

93 2577 174 2617 alia
190 2577 415 2617 Valerianis
441 2577 686 2618 substituisse
716 2579 922 2632 vocabula,
953 2596 1056 2634 quae
1074 2584 1305 2623 insolentius
1323 2584 1429 2622 dieta
1446 2583 1689 2633 viderentur,
1719 2596 1768 2622 ea
1784 2582 1837 2621 ad
1864 2581 2072 2633 vulgarem
2098 2576 2256 2618 dicendi
2274 2591 2367 2617 nor-

96 2653 202 2679 mam
229 2641 482 2679 revocavisse
510 2641 712 2694 multaque
739 2643 818 2682 alia
844 2643 920 2683 sibi
946 2656 1016 2684 suo
1042 2646 1128 2685 iure
1154 2646 1372 2685 indulsisse.
1428 2652 1577 2686 certam
1606 2659 1693 2685 eam
1719 2643 1934 2685 tenendam
1962 2655 2047 2682 esse
2067 2641 2276 2691 rationem,
2305 2646 2362 2690 ut,

64 2742 66 2745 .
91 2717 194 2756 quae
222 2712 352 2743 essent
378 2703 525 2744 tradita
550 2719 576 2744 a
602 2705 815 2757 codicibus,
845 2709 878 2746 si
904 2709 971 2759 ita,
1014 2715 1059 2749 ut
1084 2717 1215 2750 essent
1240 2710 1398 2761 tradita,
1435 2715 1461 2749 “a
1488 2709 1650 2749 Valerio
1683 2709 1830 2761 scripta
1868 2720 1953 2746 esse
1987 2710 2167 2759 possent,
2210 2704 2365 2744 intaeta

87 2765 426 2820 relinquerentur,
471 2768 625 2807 etiamsi
663 2770 858 2821 epitomae
894 2772 1090 2825 scriptura
1129 2773 1262 2826 aliquo
1290 2774 1449 2813 nomine
1476 2771 1741 2825 praeferenda
1767 2769 1982 2810 videretur.
2038 2766 2146 2821 quod
2173 2772 2219 2807 ut
2243 2779 2364 2818 argu·

1568 2834 1573 2839 .
1794 2837 1804 2842 ,
2112 2831 2158 2868 1*
