2615 3278
0 0 153 49 ἔξεισι-’κ
194 16 200 19 -

0 308 8 318 t
0 157 20 289 '¹‚=3·'a1⁸¹'x2'·

33 293 36 296 ,
25 267 32 273 ¹
21 212 25 217 '
21 156 32 165 ’ψ

1156 110 1424 150 ...10-

1306 154 1328 165 l

30 240 32 242 ’
54 212 69 284 {s
86 208 252 285 2⁷·'scum
279 232 490 280 regnum
516 233 620 268 arte
646 231 935 281 temptarent
961 225 1010 266 in
1037 224 1305 266 custodiam
1331 224 1461 265 missi
1487 230 1607 267 sunt.
1661 226 1704 267 in
1730 225 1793 266 his
1820 225 1917 280 quid
1946 224 2022 266 sibi
2047 223 2148 267 velit
2179 229 2286 266 arte
2315 229 2478 272 tem—,2
2515 244 2519 258 2

134 296 283 345 ptare
309 302 394 331 noa
420 288 555 330 video.
610 289 797 331 Valerius
832 287 936 329 dixit
967 301 1167 340 regnum
1202 286 1518 330 adfectantes.
1573 300 1652 340 quo
1687 287 1885 329 vocabulo
1925 297 2168 342 quamquam
2192 287 2308 341 Paris
2348 300 2430 329 non

132 365 343 406 nunquam
368 366 465 393 usus
488 357 553 392 est
577 351 689 399 velut
704 388 709 393 .
727 351 765 402 6,
794 346 846 402 3,‘
863 351 883 391 1
925 350 1035 404 (ter),
1077 357 1215 392 tamen
1233 350 1456 391 ‘literarum
1491 349 1748 391 similitudine
1785 351 1913 403 magis
1963 349 2233 391 commendari
2270 349 2432 391 videtur

131 413 516 469 adtemptarent.
570 413 621 455 cf.
649 412 739 455 Val.
768 413 807 466 9,
838 413 875 465 l,
903 413 929 453 9
957 411 1177 454 Catilina
1202 412 1394 454 nefarie
1421 412 1749 466 adtemptatae
1775 413 1965 467 patriae
1992 425 2177 466 poenas
2201 412 2351 454 dedit.
2376 434 2379 438 .

330 478 368 529 5,
396 478 435 530 5,
466 478 486 517 1
517 475 825 531 apudParidem
850 476 953 517 haec
979 482 1072 516 sunt
1088 476 1251 530 Scipio
1279 475 1559 528 Africanus,
1586 477 1781 516 tametsi
1808 476 2065 516 rarissima
2095 475 2431 516 familiaritate

132 539 310 582 Laelio
342 541 534 581 iunctus
566 545 671 579 erat
697 545 772 580 cet.
828 538 1046 581 scribamus
1073 553 1164 580 cum
1191 538 1354 580 Valerio
1381 539 1623 580 artissima
1648 539 1674 580 f.

327 603 365 655 5,
381 601 418 654 6,
439 602 466 642 2
492 602 534 641 in
552 601 616 641 his
641 613 745 642 cum
770 602 819 642 in
844 601 1001 642 media
1018 601 1110 642 fori
1138 607 1277 656 parte
1304 606 1442 642 vasto
1469 600 1604 641 hiatu
1631 606 1762 641 terra
1788 599 2113 642 subsedisset.
2130 630 2193 653 ..‚
2223 600 2420 642 Curtius

132 665 319 706 nobilis
345 665 537 703 iuvenis
563 665 917 717 interpretatus
945 663 1111 703 urbem
1142 669 1351 703 nostram
1392 664 1575 702 virtute
1602 669 1648 702 et
1675 664 1820 702 armis
1847 663 2112 714 excellere,
2147 669 2343 716 tumque
2379 676 2430 703 se

134 728 187 769 in
249 725 369 767 illud
415 725 714 780 ‘profundum
768 727 870 779 egit
921 739 1162 780 quamquam
1219 725 1376 766 Paridis
1428 725 1554 766 verba
1614 731 1817 780 praestare
1879 738 1960 766 non
2032 738 2219 779 possum,
2291 731 2426 766 tamen

138 789 238 830 mihi
263 801 498 844 persuasum
525 793 586 828 est
616 787 769 843 aliquid
795 788 1042 830 intercidisse
1074 794 1114 829 et
1146 788 1250 836 hanc
1282 788 1367 828 fere
1397 787 1518 828 fuisse
1550 789 1786 829 sententiam
1830 787 2031 828 Curtius
2065 786 2421 842 interpretatus

133 852 300 893 urbem
318 882 351 894 ..
373 851 616 892 excellere
644 865 813 907 equum
840 865 1146 892 conscensum
1173 853 1221 890 in
1247 851 1370 891 illud
1396 852 1682 904 profundum
1709 852 1819 905 egit.
1853 851 2005 891 Valen'i
2032 852 2138 891 enim
2165 850 2292 890 verba
2320 851 2421 890 haec
2450 852 2453 855 ”

132 921 228 956 sunt
256 915 458 956 Curtius
491 916 843 968 interpretatus
869 913 1337 955 urbem..excellere
1366 928 1537 968 equum
1565 914 1851 954 conscendit
1878 928 2073 968 eumque
2100 915 2148 954 in
2174 913 2295 954 illud
2321 927 2427 968 pro·-

134 978 333 1019 fundum
362 979 472 1031 egit.

328 1041 363 1093 7,
392 1040 419 1080 2
446 1045 528 1081 ext.
558 1041 605 1079 17
633 1040 734 1081 haec
761 1046 853 1081 sunt
877 1040 1153 1080 Herennius
1180 1040 1381 1079 Pontius
1509 1040 1768 1094 respondit.
1798 1046 1849 1080 et
1876 1040 2203 1093 interrogatus
2231 1044 2305 1078 cet.
2362 1037 2427 1078 de-

134 1104 301 1144 lendum
328 1110 388 1144 est
405 1110 462 1144 et.
1059 1104 1062 1109 “

327 1166 362 1219 7,
391 1166 430 1219 3,
461 1166 512 1207 10
536 1164 727 1223 inverbis
749 1165 1027 1220 pervulgari
1055 1171 1099 1206 et
1125 1166 1359 1219 permissa
1386 1178 1562 1206 venere
1590 1166 1657 1206 uti
1684 1179 1766 1206 vox
1792 1164 2120 1220 pervulgatis,
2137 1177 2257 1219 quam
2273 1162 2425 1207 inlexi-

134 1230 194 1270 cis
220 1229 369 1269 frustra
395 1229 587 1283 quaesivi,
617 1241 640 1268 e
667 1228 829 1269 Valerio
856 1229 897 1268 in
924 1228 1140 1282 vulgaris
1167 1228 1359 1268 mutanda
1385 1234 1456 1268 est.
1511 1228 1790 1282 praegreditur
1815 1229 1928 1267 iret.

330 1293 364 1343 7,
393 1293 432 1343 4,
460 1292 487 1331 3
513 1291 822 1344 apudParidem
850 1299 911 1332 est
939 1305 1085 1344 panes
1111 1293 1269 1331 iacere
1301 1291 1612 1344 conpluribus
1639 1291 1761 1330 locis
1786 1297 2061 1343 coeperunt.
2100 1290 2171 1330 sed
2184 1291 2300 1342 gravi
2314 1289 2424 1328 illum

20 1384 24 1389 -
69 1410 74 1413 Ι
134 1354 283 1396 mendo
311 1353 581 1406 liberabimus,
609 1354 642 1394 si
670 1367 692 1394 e
719 1353 883 1410 Valerio
910 1353 1128 1395 scribemus
1156 1367 1178 1395 e
1205 1352 1525 1408 conpluribus
1553 1355 1575 1394 l.

328 1417 364 1470 8,
382 1417 430 1457 11
447 1422 528 1457 ext.
547 1417 568 1456 1
584 1417 627 1457 in
640 1416 775 1457 verbis
788 1416 1007 1457 Pericles
1029 1430 1152 1471 quae
1171 1415 1231 1457 ab
1245 1416 1536 1469 Anaxagora
1554 1423 1825 1470 acceperat,
1848 1416 1895 1456 id
1916 1417 1983 1456 eis
2007 1415 2238 1456 disseruit
2251 1414 2340 1455 dele
2358 1413 2418 1454 id.

304 1481 365 1533 -9,
396 1482 431 1532 1,
461 1481 487 1519 9
514 1480 615 1520 haec
640 1486 735 1520 sunt
748 1480 1058 1533 apudParidem
1073 1479 1291 1520 Catilina
1317 1493 1477 1520 amore
1490 1479 1721 1519 Aureliae
1740 1479 2000 1520 Orestillae
2027 1484 2291 1532 correptus,
2322 1491 2427 1518 cum

137 1559 283 1584 unum
303 1543 693 1598 impedimentum
708 1545 958 1597 quominus
982 1544 1168 1597 nuptiis
1189 1544 1473 1596 iungeretur
1493 1525 1713 1594 vidiff'c‘et.
1743 1535 1995 1584 scribendum
2009 1543 2084 1583 erit
2097 1543 2424 1594 iungerentur.

328 1607 421 1647 Non
447 1612 613 1660 possunt
637 1606 961 1666 intellegi‘luae
988 1608 1136 1660 scripta
1150 1611 1240 1645 sunt
1267 1606 1304 1657 9,
1338 1607 1364 1645 4
1391 1612 1472 1647 ext.
1503 1607 1537 1645 1.
1567 1605 1875 1645 Ptolemaeus
1902 1605 2116 1659 inposita
2142 1605 2262 1644 omni
2288 1615 2426 1657 pecu·
2468 1649 2483 1656 -

134 1671 217 1710 nia
242 1668 457 1709 navibus
484 1670 531 1709 in
559 1669 711 1709 altum
738 1671 972 1722 processit
999 1676 1053 1709 ut
1078 1671 1125 1709 in
1144 1682 1270 1708 mare
1298 1668 1529 1722 abiceret:
1556 1668 1733 1708 deinde
1760 1668 2012 1708 detractus
2039 1668 2248 1707 avaritia
2275 1666 2427 1708 insita

134 1745 233 1776 non
259 1733 496 1773 sustinuit
523 1733 817 1786 propositum
858 1733 1066 1786 exsequi.
1121 1746 1193 1786 pro
1226 1731 1469 1772 detractus
1510 1731 1618 1772 haud
1659 1732 1739 1771 scio
1773 1745 1824 1771 an
1859 1731 2022 1771 victus
2058 1729 2237 1770 simileve
2274 1728 2425 1783 aliquid

135 1795 392 1836 scribendum
419 1795 482 1835 sit.

326 1857 364 1909 9,
380 1857 515 1910 9‚2in
528 1857 588 1896 his
601 1857 737 1897 verbis
751 1858 798 1898 O.
814 1858 1011 1898 Cassius
1027 1858 1220 1898 Titione
1244 1857 1527 1897 centurione
1551 1858 1714 1908 misso,
1741 1862 1792 1896 ut
1814 1842 2150 1909 spe¹cularetur
2173 1855 2252 1907 qui
2271 1860 2425 1916 status

136 1920 354 1961 M.Bruti
381 1925 523 1970 esset,
553 1919 843 1974 tardiusque
870 1934 923 1960 eo
949 1920 1197 1971 redeunte,
1226 1920 1548 1973 interceptum
1576 1918 1776 1959 credens
1799 1932 1846 1958 se
1874 1917 2053 1958 occidit
2078 1918 2424 1970 postfintercep-

135 1987 235 2024 tum
259 1983 515 2024 inserendum
542 1984 617 2024 erit
643 1996 756 2023 eum.
798 1984 893 2024 item
920 1984 962 2024 in
989 1983 1125 2024 verbis
1152 1983 1188 2036 9,
1216 1984 1254 2035 5,
1283 1984 1310 2023 4
1337 1996 1442 2023 cum
1469 1982 1527 2023 ad
1549 1982 1603 2022 M.
1632 1981 1896 2022 Antonium
1923 1981 2228 2021 triumvirum
2256 1992 2426 2020 cenan-

137 2056 232 2090 tem
250 2046 466 2086 Caesetii
484 2046 594 2086 Rufi
626 2047 867 2086 senatoris
894 2052 1040 2100 caput
1068 2051 1195 2086 esset
1219 2045 1451 2097 adlatum,
1480 2045 1560 2085 diu
1588 2044 1948 2098 diligenterque
1975 2043 2290 2084 considerato
2320 2043 2423 2094 ‘ego

137 2108 281 2148 hunc'
308 2107 467 2162 inquit
495 2109 673 2148 ‘notum
699 2122 791 2149 non
817 2108 976 2149 habui’
1003 2115 1093 2162 post
1120 2108 1425 2148 considerato
1453 2107 1682 2148 addendum
1708 2107 1868 2147 videtur
1894 2119 1960 2147 eo.

328 2171 404 2211 His
430 2171 606 2224 adiungo
632 2170 952 2211 emendationem
979 2172 1175 2225 epitomae
1200 2171 1383 2212 Januarii
1408 2170 1635 2224 Nepotiani.
2008 2204 2011 2207 Α

331 2235 367 2285 1,
398 2235 449 2275 12
475 2233 689 2287 legendum
716 2240 777 2274 est
802 2234 1119 2288 plaustroque
1146 2234 1346 2274 veheret
1370 2247 1444 2286 pro
1472 2233 1717 2273 eveheret.
1761 2233 1810 2272 cf.
1840 2232 1930 2273 Val.
1960 2238 2000 2271 et
2026 2232 2071 2272 P.
2100 2232 2133 2283 1,
2166 2233 2201 2283 1,
2233 2231 2293 2272 10.

331 2296 549 2351 Postquam
575 2295 766 2337 librorum
793 2296 1099 2338 Valerianorum
1125 2295 1281 2337 codices
1300 2295 1346 2337 C.
1362 2295 1538 2348 Kempfii
1564 2302 1605 2336 et
1617 2294 1777 2352 lealmii
1803 2296 1909 2336 curis
1937 2295 2096 2335 excussi
2125 2299 2263 2334 nostra
2289 2298 2421 2342 aetate

137 2359 210 2401 via
235 2373 284 2400 ac
309 2360 465 2401 ratione
491 2358 672 2401 adhiberi
700 2360 832 2413 coepti
856 2365 958 2411 sunt,
987 2359 1101 2399 multi
1127 2358 1213 2411 loci,
1242 2359 1310 2412 qui
1348 2364 1469 2403 antea
1495 2358 1695 2412 desperati
1719 2359 1936 2410 iacuerant,
1965 2357 2018 2398 ab
2046 2355 2430 2408 hominibusgdoctis

139 2422 312 2464 feliciter
340 2422 539 2464 emendati
568 2428 671 2464 sunt.
727 2429 904 2464 attamen
930 2436 1011 2463 non
1037 2422 1136 2463 nulli
1170 2422 1450 2473 inveniuntur,
1480 2435 1578 2475 quos
1616 2427 1687 2467 aut
1727 2420 1904 2462 nondum
1942 2426 2051 2462 recte
2091 2419 2321 2461 emendatos
2360 2423 2430 2458 aut

139 2486 243 2527 falso
277 2493 416 2527 eontra
443 2486 625 2527 codicum
652 2487 929 2526 auctoritatem
956 2492 1155 2526 correctos
1181 2499 1266 2525 esse
1294 2486 1491 2529 existimo.
1548 2484 1597 2524 de
1624 2484 1769 2538 quibus
1796 2484 1893 2537 quid
1920 2485 2087 2525 sentiam
2105 2497 2213 2524 nunc
2233 2481 2423 2535 inganimo

142 2554 206 2589 est
231 2562 447 2603 exponere.
603 2552 605 2554 ’

334 2613 369 2664 1,
401 2612 435 2664 1,
467 2612 517 2652 12
548 2611 759 2665 Regulus
795 2625 854 2651 ex
885 2612 1072 2652 victore
1109 2611 1466 2664 speciosissimo
1500 2609 1695 2650 insidiis
1730 2609 2053 2651 Hasdrubalis
2090 2615 2135 2649 et
2161 2607 2426 2662 Xanthippi

139 2674 508 2715 Lacedaemonii
536 2674 675 2714 ducis
703 2674 762 2714 ad
788 2673 1113 2722 miserabilem
1142 2674 1323 2728 captivi
1350 2673 1545 2713 formam
1573 2672 1807 2713 deductus
1844 2686 1896 2712 ac
1922 2674 2098 2712 missus
2124 2672 2185 2712 ad
2211 2676 2426 2711 senatum

138 2737 468 2792 populumque
494 2737 752 2777 Romanum
783 2735 994 2789 legatus,
1033 2743 1084 2776 ut
1120 2750 1168 2776 se
1203 2743 1248 2777 et
1284 2751 1375 2776 uno
1414 2743 1459 2777 et
1495 2749 1607 2776 sene
1644 2726 1900 2789 conplures
1927 2736 2195 2775 Poenorum
2228 2734 2429 2773 iuvenes
2489 2734 2492 2737 ’

139 2804 477 2855 pensarentur,
511 2800 556 2839 in
584 2799 877 2839 contrarium
912 2799 1024 2839 dato
1061 2798 1266 2839 consilio
1295 2798 1641 2852 Carthaginem
1678 2798 1839 2851 petiit,
1877 2811 1969 2838 non
2006 2797 2196 2851 quidem
2232 2795 2429 2848 ignarus
