2442 3365
1067 118 1133 125 ...r
1176 95 1227 136 15
1278 117 1332 125 -

61 214 249 258 stabat
276 227 384 255 eam
411 225 612 254 veneno
646 195 945 253 necatorum
980 210 1263 252 liberorum
1299 210 1477 253 dolore
1513 216 1831 265 commotam,
1868 223 1997 266 quos.
2029 210 2149 252 avia
2182 208 2338 251 filiae

59 279 275 321 infensa
300 276 606 317 sustulerat.
660 274 732 315 sed
757 275 993 329 epitomator
1019 275 1127 329 quod
1154 275 1253 315 dicit
1289 275 1478 315 feminam
1505 288 1531 315 a
1555 274 1754 315 iudicibus
1779 274 2003 315 absolutam
2029 287 2127 325 esse,
2159 286 2186 313 a
2211 273 2334 313 Vale-

61 345 123 384 rio
150 341 328 393 dissidet,
370 340 439 394 qui
466 353 492 380 a
516 338 714 390 iudicibus
726 368 738 390 ,
781 352 873 379 cum
899 338 1132 390 haererent,
1172 337 1459 390 damnarentne
1500 352 1588 379 eam
1615 352 1668 379 an
1694 337 1960 390 absolverent,
1987 336 2181 378 iudicium
2204 341 2334 390 negat
2403 390 2408 394 .

59 405 216 448 editum
241 416 341 445 esse.
395 409 515 457 atque
541 402 643 444 haec
665 401 866 443 'sententia
891 401 960 454 iis,
1002 401 1054 442 de
1079 400 1225 455 quibus
1251 400 1517 456 disputamus,
1559 400 1694 442 verbis
1720 400 1982 456 exprimenda
2007 405 2105 441 erut.
2158 397 2335 441 debeb-t

60 468 172 508 enim
196 467 299 507 haec
325 466 410 506 fere
436 466 605 520 scriptor
630 464 764 504 dicere
790 477 1004 518 quorum
1032 464 1254 504 alterum
1279 464 1512 515 ultione„
1538 464 1760 504 alterum
1794 476 1960 517 neque
1996 462 2333 503 absolutione

57 544 232 583 neque
259 529 597 569 damnatione
623 528 833 581 dignum
859 528 1145 568 iudicatum
1174 533 1262 568 est.
1297 527 1387 567 'sed
1415 534 1590 584 cum-tot
1616 526 1743 568 verba
1768 526 2015 568 intercidisse
2041 527 2130 567 veri
2148 524 2331 566 dissimil-

63 593 206 635 limum*
226 593 289 651 sit,-
317 593 360 634 in
389 590 666 633 emendatione
692 590 837 645 Pighii,
866 590 961 633 dum
987 590 1128 632 melius
1154 589 1251 646 quid
1277 590 1487 631 inventum
1511 591 1573 644 sit,
1601 589 1905 646 adquiescamus
1931 602 2095 631 necesse
2122 589 2209 630 en't.

252 667 289 718 8,
320 667 367 705 11
398 672 479 706 ext.
508 667 546 706 4.
601 666 643 705 in
670 666 778 705 hisce
805 665 940 706 verbis
975 666 1122 705 cuius
1158 664 1432 717 (Volcani)
1468 666 1740 718 coniugem
1775 665 2079 705 Praxiteles
2113 664 2165 703 in
2199 674 2331 702 mar·

59 744 198 770 more
238 730 390 783 quasi
430 730 717 782 spirantem
742 730 793 768 in
825 728 1016 782 templo
1053 728 1354 768 Cnidiorum
1390 728 1697 780 collocavit,
1734 734 1949 781 propter
1983 724 2330 781 pulchritudi-

63 806 177 832 nem
213 792 388 845 operis
424 805 450 831 a
484 790 772 831 libidinoso
807 790 1064 844 conplexu
1101 804 1279 844 parum
1313 796 1485 830 tutam.
1541 804 1638 843 quo
1674 789 2035 830 excusabilior
2069 794 2148 829 est
2182 800 2332 828 error

58 856 200 910 equi,
228 856 316 909 qui
342 855 456 895 visa
490 855 698 908 pictura
732 867 892 908 equae
928 853 1185 894 hinnitum
1220 852 1373 894 edere
1410 860 1623 903 coactus
1659 859 1755 906 est,
1794 858 1842 893 et
1877 865 2058 893 canum
2095 852 2328 892 latratus

58 923 280 971 aspectu
307 918 441 971 picti
467 918 611 956 canis
640 918 898 956 incitatus
924 923 1208 969 taurusque
1236 916 1297 956 ad
1323 930 1540 956 amorem
1568 923 1617 956 et
1642 916 1975 956 concubitum
1994 927 2189 955 aeneae
2206 926 2327 954 vac-

61 994 153 1021 cae
191 980 472 1033 Syracusis
508 980 697 1019 nimiae
733 979 1103 1020 similitudinis
1137 980 1475 1019 inritamento
1513 979 1795 1033 conpulsus
1822 979 2007 1019 Halmius
2029 991 2103 1032 pro
2129 975 2327 1017 vocabulo

60 1056 227 1096 error,
256 1042 375 1098 quod,
405 1049 606 1097 utcunque
634 1042 684 1083 sit
710 1041 928 1095 tolerabile,
957 1047 1102 1095 tamen,
1132 1055 1224 1083 cum
1249 1043 1291 1082 in
1318 1041 1403 1083 cod.
1432 1043 1620 1097 primario
1638 1042 1690 1084 A.
1719 1042 1761 1082 in
1787 1055 1928 1083 rasura
1953 1042 2145 1096 scriptum
2163 1040 2226 1093 sit,
2255 1038 2327 1080 du·

60 1107 293 1148 bitationem
319 1113 493 1158 moveat,
523 1107 744 1146 sententiae
771 1107 1070 1146 convenientius
1097 1106 1194 1146 dicit
1219 1106 1348 1146 videri
1373 1106 1550 1147 fervor
1576 1107 1671 1160 (em.
1699 1107 1751 1147 V.
1778 1121 1817 1160 p.
1846 1106 1942 1157 30.).
1989 1113 2030 1146 et
2048 1104 2210 1146 videtur
2227 1104 2329 1144 haee

40 1169 286 1210 'emendatio
311 1169 540 1223 probabilis
595 1182 690 1208 nam
717 1170 751 1208 si
778 1169 972 1223 exemplo,
1006 1182 1085 1223 quo
1112 1169 1282 1209 hominis
1317 1168 1439 1209 libido
1473 1176 1639 1224 aspectu
1666 1170 1836 1210 Veneris
1871 1182 2116 1209 marmoreae
2150 1167 2331 1207 excitata

58 1246 146 1272 esse
171 1232 330 1283 dicitur,
358 1232 485 1272 simile
512 1233 602 1285 equi
631 1232 857 1284 exemplum
884 1231 1119 1283 adnectitur,
1148 1233 1216 1285 qui
1244 1232 1440 1285 picturam
1467 1246 1594 1284 equae
1620 1247 1764 1286 equam
1791 1234 1919 1286 ipsam
1947 1246 2033 1272 esse
2060 1238 2171 1272 ratus
2197 1230 2327 1270 hinni·

56 1302 144 1336 tum
169 1294 306 1348 edidit,
335 1307 416 1335 non
443 1307 555 1335 error
579 1296 671 1349 equi
697 1293 859 1335 videtur
885 1293 1150 1335 excusabilior
1175 1293 1366 1335 dicendus
1393 1307 1480 1334 esse
1505 1294 1577 1334 sed
1603 1294 1749 1336 fervor.
1796 1302 2071 1335 verumtamen
2099 1293 2216 1334 homo
2234 1291 2326 1332 doc-

56 1365 123 1397 tus
151 1359 313 1398 erravit.
368 1359 449 1397 suis
476 1371 518 1396 se
547 1356 682 1397 verbis
709 1359 795 1410 ipse
821 1358 990 1410 scriptor
1016 1357 1215 1397 defendat.
1270 1358 1367 1396 dicit
1393 1359 1498 1396 enim
1524 1358 1643 1410 paulo
1667 1365 1755 1411 post
1773 1360 1813 1397 in
1832 1359 1973 1397 eodem
1992 1357 2175 1410 exemplo
2201 1355 2325 1409 quid

58 1419 194 1460 eni‘m
218 1433 386 1460 vacua
410 1420 638 1459 rationis
665 1419 915 1460 animalia
940 1427 1051 1459 arte
1079 1419 1299 1473 decepta
1334 1420 1593 1471 miremur,
1631 1434 1737 1460 cum
1764 1421 1985 1460 hominis
2011 1418 2325 1472 sacrilegam

56 1483 408 1536 cupiditatem
432 1483 557 1522 muti
588 1481 783 1535 lapidis
818 1482 1141 1522 liniamentis
1174 1483 1460 1522 excitatam
1498 1482 1795 1523 videamus?
1849 1495 1946 1536 ergo
1972 1483 2007 1521 si
2032 1495 2098 1521 ars
2123 1481 2166 1521 id
2194 1481 2326 1534 potuit

57 1545 232 1597 efficere,
261 1552 307 1585 ut
331 1546 448 1584 homo
473 1546 627 1583 ratione
652 1544 858 1597 praeditus
884 1558 1128 1597 marmoreae
1146 1545 1315 1584 Veneris
1341 1545 1558 1598 cupiditate
1584 1545 1908 1596 inflammaretur,
1934 1558 2068 1584 nonne
2096 1545 2187 1597 equi
2213 1556 2325 1583 error

57 1608 312 1648 excusandus
339 1613 409 1659 est,
439 1608 508 1661 qui
534 1606 699 1646 rationis
726 1621 869 1661 expers
896 1621 1037 1661 equam
1065 1608 1214 1660 pictam
1240 1608 1378 1647 vivere
1405 1608 1592 1661 putavit?
1627 1608 1761 1648 fervor
1791 1607 2022 1659 bestiarum,
2051 1607 2200 1660 quippe
2226 1619 2323 1660 qua-

57 1680 156 1711 rum·
175 1670 359 1711 libidines
385 1671 538 1711 ratione
565 1682 644 1709 non
673 1676 941 1723 coerceantur,
970 1684 1041 1724 per
1068 1682 1111 1709 se
1138 1683 1295 1724 semper
1321 1671 1574 1711 excusandus
1600 1678 1672 1711 est.

245 1733 433 1774 Nondum
460 1739 622 1773 sanatus
650 1739 710 1773 est
735 1733 801 1773 hic
827 1733 935 1787 apud
954 1734 1160 1774 Valerium
1181 1733 1291 1774 locus
1309 1734 1344 1786 8,
1374 1734 1410 1786 8,
1439 1735 1466 1774 2
1491 1734 1747 1775 Scaevola
1772 1734 1963 1788 optime
1990 1733 2099 1787 pila
2125 1734 2322 1774 lusisse

55 1796 307 1849 traditur,
337 1797 459 1850 quia
485 1796 740 1837 videlicet
766 1797 827 1837 ad
858 1797 950 1837 hoc
986 1797 1368 1837 deverticulum
1404 1799 1624 1838 animum
1661 1812 1802 1838 suum
1838 1797 2139 1837 forensibus
2174 1797 2321 1836 mini·

60 1860 248 1900 steriis
275 1860 558 1912 fatigatum
584 1860 876 1899 transferre
911 1859 1124 1900 solebat.
1179 1860 1328 1900 alveo
1364 1874 1565 1914 quoque
1602 1867 1650 1901 et
1683 1861 1905 1901 calculis
1940 1860 2200 1901 interdum
2235 1872 2321 1899 va·
2355 1916 2366 1924 ο

55 1935 205 1962 casse
232 1922 449 1973 dicitur,
479 1935 588 1961 cum
616 1922 743 1962 bene
770 1930 826 1964 ac
853 1922 938 1962 diu
966 1923 1079 1962 iura
1106 1924 1296 1962 civium
1323 1929 1371 1962 et
1398 1924 1746 1963 caerimonias
1773 1923 1982 1978 deorum
2010 1922 2319 1963 ordinasset.

53 1986 267 2031 atenim
292 1986 344 2024 in
369 1984 524 2024 rebus
551 1986 706 2025 seriis
732 1986 1057 2038 Scaevolam,
1085 1986 1235 2028 itain
1261 1986 1462 2026 lusibus
1481 1986 1732 2026 hominem
1751 1986 1962 2040 agebat,
1990 1999 2134 2040 quem
2150 1997 2320 2025 rerum

55 2054 246 2089 natura
272 2049 511 2088 continui
537 2047 737 2093 laboris
763 2046 1049 2102 patientem
1077 2063 1188 2089 esse
1215 2063 1311 2089 non
1338 2050 1476 2089 sinit.
1530 2050 1581 2090 In
1608 2050 1669 2090 his
1695 2049 1829 2090 verbis
1855 2063 1978 2103 quum
1994 2055 2088 2090 aute
2115 2047 2320 2089 lusilms

51 2112 96 2152 in
122 2111 210 2156 cod.
237 2111 286 2151 B.
314 2112 583 2165 scriptum‘sit
609 2112 780 2151 scelus
814 2111 879 2165 (b.
917 2112 1136 2164 sceuis),
1174 2126 1290 2152 nemo
1321 2112 1403 2152 fere
1441 2126 1598 2165 eorum,
1636 2113 1705 2166 qui
1738 2113 1781 2153 in
1816 2113 1878 2153 his
1912 2112 2023 2153 libris
2058 2110 2320 2152 emendandis

52 2184 219 2227 operam
245 2174 565 2231 conlocaverunt,
595 2174 914 2214 emendationem
941 2176 1115 2227 corrupti
1141 2176 1260 2214 huius
1285 2175 1469 2214 vocabuli
1495 2188 1576 2214 non
1610 2176 1818 2228 quaesivit.
1872 2189 1973 2228 quas
1999 2176 2163 2228 quidem
2189 2188 2320 2214 emen·

51 2236 234 2276 dationes
256 2250 403 2277 omnes
421 2250 654 2277 enumerare
681 2243 722 2277 et
747 2237 910 2291 longum
937 2243 996 2278 est
1023 2242 1062 2277 et
1075 2237 1224 2280 inutile,
1266 2238 1461 2289 Halmius,
1490 2239 1558 2291 qui
1573 2237 1755 2278 Vahleno
1777 2244 1941 2279 auctore
1967 2237 2133 2278 scelus
2156 2237 2317 2294 delevit,

53 2298 242 2339 facillime
268 2299 418 2340 nodum
445 2299 663 2354 expedivit.
718 2300 789 2341 sed
815 2301 918 2341 hanc
943 2301 1148 2353 rationem,
1177 2313 1267 2354 qua,
1299 2300 1404 2354 quod
1427 2300 1646 2340 insanabile
1673 2300 1870 2353 videatur,
1899 2300 1942 2341 id
1967 2307 2206 2355 amputetur,
2232 2306 2318 2340 tau·

50 2369 138 2402 tum
168 2362 283 2403 abest
308 2370 354 2403 ut
378 2362 612 2417 probemus,
654 2369 699 2416 ιιι
724 2365 867 2404 iterata
891 2364 967 2404 loci
993 2365 1300 2418 pertractatione
1327 2377 1556 2403 censeamus
1583 2364 1874 2418 experiundum
1909 2378 2016 2416 esse,
2057 2366 2090 2404 si
2125 2363 2233 2419 quod
2268 2364 2320 2403 sit

50 2426 140 2466 veri
162 2426 301 2468 simile
318 2440 456 2467 eruere
486 2440 690 2480 queamus.
745 2427 799 2468 Et
825 2441 872 2468 eo
898 2427 1058 2481 quidem
1084 2427 1183 2479 loco,
1213 2426 1264 2467 de
1290 2440 1368 2480 quo
1393 2441 1500 2467 nunc
1528 2428 1696 2480 agimus,
1732 2427 1841 2481 quod
1865 2441 1994 2500 nuper
2018 2427 2167 2481 placuit
2192 2425 2318 2467 Eber-

50 2486 178 2529 hhrdo
206 2491 428 2542 serenis,
457 2490 500 2530 id
526 2503 606 2530 non
632 2490 812 2544 ineptum
838 2496 907 2543 cst,
949 2503 1089 2530 verum
1116 2489 1254 2530 haberi
1282 2503 1360 2529 non
1387 2496 1529 2543 potest.
1583 2503 1679 2531 nam
1715 2490 1822 2546 quod
1861 2491 1973 2530 seriis
2011 2489 2132 2530 rebus
2169 2489 2317 2543 optime

50 2539 162 2591 lusus
187 2565 349 2593 serenos
375 2553 471 2593 dicit
497 2554 653 2607 opponi,
682 2567 762 2593 non
789 2554 1003 2621 perspexit,
1032 2552 1130 2593 illud
1157 2553 1322 2600 duobus
1343 2552 1477 2593 verbis
1505 2567 1739 2607 expressum
1767 2566 1887 2594 unam
1922 2552 2213 2606 quodammodo
2246 2565 2316 2592 no-

49 2615 199 2654 tionem
225 2614 395 2666 efficere,
426 2617 490 2656 cui
516 2615 660 2656 lusus
687 2617 738 2656 sit
761 2616 998 2657 οοιιιηιίιιιζ
1050 2618 1252 2656 serenis
1277 2617 1399 2669 igitur
1427 2617 1596 2656 otiosum
1623 2623 1694 2657 est.
1747 2616 1944 2667 Valerius,
1974 2616 2043 2669 qui
2069 2615 2144 2654 hoc
2167 2615 2315 2688 capite,

48 2675 159 2729 quod
185 2682 245 2717 est
270 2676 322 2717 de
348 2679 439 2729 otio,
467 2677 510 2718 id
536 2679 639 2732 agit,
677 2685 722 2720 ut
747 2679 924 2732 strenuis„
943 2678 1187 2732 hominibus,
1229 2678 1335 2733 quod
1359 2680 1598 2733 tempestiva
1624 2678 1772 2720 laboris
1798 2679 2085 2719 intermissione
2111 2678 2235 2718 animi
2263 2677 2318 2718 ad

48 2738 312 2781 laborandum
338 2741 438 2782 fiant
463 2742 699 2795 vegetiores,
728 2743 852 2797 otium
878 2742 1077 2783 interdum
1103 2742 1372 2797 adpetendum
1400 2756 1488 2783 esse
1516 2742 1677 2795 doceat,
1713 2743 1882 2797 primum
1909 2740 2091 2795 exemplo
2118 2740 2318 2796 Scipionis

48 2807 90 2841 et
115 2801 243 2846 Laelu
272 2805 405 2856 utitur,
436 2806 502 2858 qui
530 2804 710 2845 litoribus
737 2805 948 2846 conchulas
976 2812 1016 2846 et
1041 2805 1249 2846 umbilicos
1277 2805 1499 2846 lectitantes
1526 2807 1649 2846 animi
1681 2803 1978 2846 remissionibus
2015 2803 2316 2858 adquieverint3
