2615 3278
1251 64 1517 105 ..12-

108 181 573 239 tuleruntque
613 177 743 224 verb‘a
768 182 827 223 sic
852 195 878 223 a
903 180 1071 223 Valerio
1096 178 1218 221 scribi
1243 179 1316 220 vix
1340 180 1527 233 potuisse,
1554 180 1705 234 primus
1741 179 1937 221 intellexit
1960 179 2231 233 Eberhardus,
2259 181 2329 235 qui
2353 180 2379 222 1.
2406 180 2434 222 1.
2465 182 2469 192 “

141 244 312 305 90150
337 257 412 298 pro
439 244 596 297 idem,
624 245 744 299 quod,
775 258 868 284 cum
893 244 1011 283 nimis
1037 242 1238 295 langueat,
1266 241 1501 282 mendosum
1527 241 1724 295 videatur,
1754 241 1816 282 ab
1855 242 2031 283 eodem
2069 243 2162 284 illo
2198 255 2228 284 r.
2270 256 2433 299 exspec-

160 306 253 348 tari
267 305 389 359 dicit3
416 307 505 362 ipse
530 308 716 362 proponit
742 306 878 348 idem
905 306 1095 347 statim.
1149 304 1358 358 Kempfius
1386 305 1546 346 doctum
1581 304 1781 346 hominem
1817 318 1914 346 sano
1948 305 2095 347 iudicio
2131 306 2266 349 mendi
2300 304 2435 347 sedem

157 368 312 410 vidisse
339 369 366 410 1.
394 368 421 411 l.
448 384 488 423 p.
517 369 572 411 30
596 369 828 421 adsentitur,
856 367 1099 409 emendandi
1123 374 1311 408 conatum
1336 366 1548 422 improbat.
1595 366 1671 408 sibi
1699 368 1803 409 enim
1830 369 1888 409 ait
1913 381 1993 409 non
2020 367 2186 410 dubium
2212 383 2309 421 esse,
2338 369 2436 423 quin

158 430 419 472 sm-ibendum
445 433 495 472 sit
521 432 695 472 isdem.
749 441 969 485 pronomen
995 432 1107 471 enim
1128 430 1183 470 ad
1210 443 1460 470 consessores
1489 429 1743 470 referendum
1769 443 1877 482 esse,
1913 430 1967 470 ad
1993 442 2093 483 quos
2119 438 2279 488 spectet.
2298 432 2433 483 etiam,

0 516 14 524 ν
91 492 95 494 ἡ
156 494 270 549 quod
296 494 431 550 paullo
457 500 548 568 post
574 500 775 548 sequatur,
804 493 907 547 illi,
936 493 1046 548 quod
1072 506 1290 548 pronomen
1317 492 1476 547 longius
1502 498 1699 533 remotum
1724 492 1911 537 rideatur
1937 491 1990 533 ab
2017 506 2065 533 eo
2100 493 2317 548 vocabulo,
2355 506 2434 550 quo

160 558 375 612 pertineat,
403 558 481 598 nisi
506 557 668 598 isdem
695 558 923 612 recipiatur.
977 571 1068 598 mea
1093 556 1256 611 quidem
1281 557 1481 597 sententia
1495 556 1594 597 nihil
1610 556 1744 608 refert,
1764 556 1936 597 eundem
1952 556 2113 609 Rufum,
2141 558 2210 611 qui
2231 559 2438 599 retiarium

162 634 238 675 per
263 621 438 675 quietem
464 619 543 661 sibi
568 621 702 662 visum
729 621 953 674 agnoverit,
982 620 1201 673 significari
1227 624 1297 660 aut
1322 619 1482 660 eosdem
1509 632 1774 692 consessores,
1811 621 1878 674 qui
1907 619 2133 674 spectaculo
2173 620 2435 674 interfuerint,

159 683 236 724 sed
262 683 433 725 eundem
460 684 678 736 retiarium,
706 697 787 738 quo
814 685 901 724 viso
927 683 1032 724 Rufo
1059 682 1224 724 dubium
1250 696 1331 722 non
1358 682 1445 736 fuit,
1473 683 1570 737 quin
1597 681 1672 723 sibi
1706 696 1813 723 mors
1843 683 2078 724 immineret.
2132 684 2268 738 itaque
2304 684 2437 738 priore

105 744 107 747 ’
159 746 388 788 Eberhardi
414 747 693 787 emendatione
721 753 889 800 accepta
914 746 1168 786 scribendum
1195 759 1280 785 esse
1305 752 1402 799 puto
1429 745 1604 785 eodem
1632 745 1770 786 dixit
1795 746 1857 786 ab
1884 746 1990 786 illo.

349 809 388 861 3,
415 809 455 861 2,
484 812 511 852 2
538 809 640 850 haec
666 815 760 850 sunt
786 810 829 850 in
846 809 958 850 libris
984 810 1324 849 immemorem
1350 822 1423 849 me
1449 808 1710 862 propositi
1736 809 1833 849 mei
1861 809 2067 850 Cloelia
2093 810 2244 861 facit,
2273 823 2437 862 paene

157 871 338 912 eadem
365 877 704 927 tempestate,
745 878 889 913 certe
915 870 1415 913 adversus-eundem
1440 870 1638 911 hostem
1665 876 1713 911 et
1740 872 1791 912 in
1823 871 1997 912 eodem
2025 871 2206 913 Tiberi
2234 872 2438 926 inclyta

155 942 284 975 aus'a
310 934 531 979 facinus.
585 936 725 977 inter
761 941 967 976 ceteras
1003 935 1137 975 enim
1172 934 1411 988 virgines
1447 933 1598 975 obses
1633 933 1930 975 Porsennae
1967 934 2089 976 data
2123 935 2281 989 hosti,
2319 949 2436 977 noc-

157 1003 312 1038 turno
348 1005 579 1053 tempore
615 999 907 1039 custodiam
943 1011 1160 1051 egressa
1196 1011 1377 1051 equum
1414 997 1733 1038 conscendit.
1789 998 1838 1037 In
1882 997 1943 1037 his
1984 997 2119 1039 verbis
2156 999 2199 1039 in
2238 999 2435 1040 vocabulo

156 1061 319 1114 hosti,
348 1075 421 1115 pro
448 1075 528 1115 quo
554 1076 635 1102 non
660 1061 921 1115 probabiliter
947 1060 1153 1101 Halmium
1182 1060 1323 1112 data,
1353 1060 1577 1101 hostium
1603 1067 1858 1101 nocturno
1886 1068 2116 1114 tempore
2144 1062 2435 1102 custodiam

159 1136 377 1177 egressa
403 1124 622 1165 coniecisse
649 1123 758 1165 haud
786 1123 982 1165 immerito
1001 1122 1211 1177 Kempfius
1238 1128 1383 1176 censet,
1412 1122 1519 1164 haud
1547 1124 1629 1164 scio
1655 1137 1707 1164 an
1735 1123 1904 1164 verbum
1931 1122 2065 1176 lateat,
2096 1138 2174 1178 quo
2193 1124 2438 1178 significetur

167 1186 361 1227 Cloeliam
389 1187 492 1228 clam
519 1187 585 1227 vel
613 1193 743 1227 astute
767 1186 990 1226 custodiam
1017 1199 1218 1239 egressam
1254 1199 1352 1226 esse.
1407 1186 1503 1239 quid
1544 1188 1630 1240 ipse
1671 1200 1904 1240 proponam,
1936 1200 2017 1227 non
2056 1188 2098 1227 in
2139 1194 2326 1241 promptu
2366 1194 2437 1227 est.

160 1249 345 1291 conferas
371 1250 462 1291 Liv.
491 1250 528 1302 2,
568 1251 630 1303 13,
668 1250 693 1290 6
730 1249 938 1291 Cloelia
973 1251 1144 1302 virgo,
1182 1263 1281 1289 una
1308 1252 1378 1288 'ex
1413 1249 1706 1302 obsidibus,
1745 1264 1852 1290 cum
1889 1257 2063 1290 castra
2098 1250 2437 1290 Etruscorum

160 1312 299 1354 forte
325 1313 461 1354 haud
487 1314 671 1368 procul
697 1313 812 1368 ripa
839 1311 1049 1353 Tiberis
1076 1312 1249 1353 locata
1276 1318 1470 1365 essent,
1499 1312 1762 1353 frustrata
1789 1312 2055 1366 custodes,
2080 1312 2188 1355 'dux
2213 1313 2438 1368 agminis

159 1377 428 1430 virginum
453 1378 592 1418 inter
622 1377 731 1418 tela
765 1377 990 1435 hostium
1017 1375 1248 1416 Tiberim
1282 1377 1530 1416 tranavit.
1586 1376 1903 1429 Flor.1‚10,7
1933 1391 2032 1417 una
2068 1391 2128 1417 ex
2164 1376 2440 1417 obsidibus

162 1440 280 1491 regi
308 1438 451 1491 data,
489 1439 669 1493 elapsa
695 1439 1006 1489 custodiam,
1044 1437 1268 1489 Cloelia,
1305 1452 1395 1490 per
1430 1441 1652 1491 patrium
1680 1407 1872 1479 flume'n
1899 1439 2185 1493 equitabat.
2220 1440 2359 1480 Auct.
2388 1438 2440 1479 de

160 1502 238 1543 vir.
267 1501 322 1542 ill.
353 1502 404 1543 13
431 1501 638 1543 Cloelia
663 1502 902 1555 deceptis
930 1500 1239 1542 custodibus
1266 1507 1420 1541 noctu
1456 1503 1648 1542 castris
1683 1502 1793 1542 eius
1830 1516 2045 1556 egressa
2082 1516 2262 1557 equum
2299 1502 2438 1543 adri-

160 1564 291 1620 puit'.
354 1565 590 1620 Nepotian.
579 1566 676 1619 21,
715 1566 741 1605 2
778 1564 984 1606 Cloelia
1019 1563 1169 1605 obses
1204 1565 1395 1619 quippe
1431 1565 1728 1606 Porsennae
1765 1565 1886 1607 data
1921 1566 2116 1620 vigiles
2152 1565 2353 1607 fefellit
2389 1570 2440 1606 et

163 1642 456 1670 conscenso
486 1643 616 1682 equo
643 1644 733 1683 per
759 1628 990 1669 Tiberim
1016 1628 1220 1668 Romam
1246 1627 1419 1668 rediit.

353 1692 391 1744 3,
420 1692 446 1732 3
474 1698 555 1733 ext.
584 1693 622 1732 4.
677 1690 961 1743 Anaxarchus,
991 1691 1055 1731 cui
1082 1691 1323 1743 Nicocreon,
1363 1692 1405 1731 in
1432 1705 1551 1745 quem
1577 1692 1760 1745 quamvis
1787 1693 1974 1733 atrociter
1998 1694 2197 1733 cruciatus
2223 1692 2437 1732 maledicta

161 1755 345 1796 conicere
371 1768 452 1795 non
479 1754 699 1807 desisteret,
729 1755 1041 1809 amputationem
1066 1753 1229 1807 linguae
1255 1753 1500 1806 minabatur,
1538 1755 1778 1808 protinus
1814 1754 2060 1796 dentibus
2096 1755 2353 1796 abscisam
2388 1761 2438 1794 et

160 1818 628 1864 conmanducatam
662 1818 894 1871 linguam
930 1818 978 1857 in
1017 1827 1069 1856 os
1105 1817 1217 1857 eius
1250 1818 1330 1857 ira
1364 1824 1549 1869 patens
1587 1819 1780 1870 expuit.
1844 1819 2118 1858 multorum
2153 1831 2305 1857 aures
2341 1817 2437 1856 illa

162 1879 347 1933 lingua
373 1885 423 1921 et
449 1880 499 1920 in
526 1881 709 1934 primis
734 1880 1028 1922 Alexandri
1054 1879 1198 1932 regis
1226 1879 1574 1929 admiratione
1602 1881 1680 1920 sui
1707 1879 1975 1921 adtonitas
2009 1879 2285 1932 habuerat,
2323 1879 2438 1919 dum

162 1950 339 1983 terrae
377 1942 732 1984 conditionem
881 1943 1151 1997 expromit.
1215 1956 1378 1996 paene
1419 1949 1588 1982 tamen
1625 1943 1822 1983 occidit
1857 1943 2144 1997 gloriosius
2180 1956 2327 1997 quam
2361 1944 2438 1982 vi-

161 2006 298 2059 guit,
338 2007 461 2060 quia
487 2012 587 2047 tam
614 2007 876 2048 forti.fine
903 2006 1180 2046 inlustrem
1206 2006 1556 2059 professionis
1583 2013 1750 2047 actum
1786 2007 2155 2061 conprobavit,
2196 2007 2438 2048 Anaxar-

165 2069 345 2124 chique
372 2084 471 2111 non
498 2072 660 2111 vitam
695 2070 840 2112 modo
878 2071 1134 2121 deseruit,
1173 2071 1260 2110 sed
1296 2076 1506 2110 mortem
1542 2070 1778 2111 reddidit
1814 2071 2102 2112 clariorem.
2157 2073 2219 2112 Eo
2257 2071 2344 2111 loco
2370 2072 2440 2123 qui

166 2138 358 2188 corrupta
385 2132 514 2175 verba
539 2148 639 2176 non
665 2135 825 2176 vitam
851 2133 1000 2186 modo,
1025 2133 1261 2174 deseruit
1287 2134 1345 2174 ita
1370 2148 1512 2175 sanare
1539 2134 1788 2187 studuerunt,
1823 2141 1867 2176 ut
1893 2142 1963 2176 aut
1990 2150 2046 2177 eo
2073 2143 2143 2177 aut
2171 2150 2268 2176 non
2296 2136 2441 2176 insere·

163 2203 268 2250 rent,
298 2209 366 2238 eos
392 2203 501 2238 recte
530 2198 784 2239 Foertschius
810 2198 1048 2239 sententiam
1075 2197 1152 2238 loci
1180 2196 1428 2252 perspexisse
1463 2204 1597 2252 negat.
1652 2197 1842 2252 languide
1870 2200 1975 2240 enim
2003 2212 2091 2240 eam
2118 2198 2309 2253 linguam,
2339 2211 2444 2252 quae

164 2260 383 2302 multorum
409 2267 451 2301 et
477 2260 675 2301 clarorum
695 2262 900 2302 hominum
927 2276 1044 2301 aures
1072 2275 1227 2301 summa
1252 2263 1314 2301 sui
1343 2262 1606 2302 admiratione
1643 2262 1940 2317 obstupefactas
1976 2263 2161 2303 habuerit
2195 2269 2442 2316 mortemque
2496 2288 2498 2291 -

146 2317 393 2378 ¹philosophi
419 2325 506 2365 vita
533 2324 741 2365 clariorem
766 2324 1006 2376 reddiderit,
1045 2339 1071 2365 a
1097 2325 1291 2377 scriptore
1330 2325 1409 2365 dici
1448 2327 1573 2366 vitam
1609 2326 1840 2366 deseruisse.
1896 2333 2139 2380 quapropter
2173 2326 2239 2366 ille
2276 2326 2449 2365 coniecit

166 2385 456 2427 decoravit.
513 2386 628 2438 Quae
655 2388 884 2428 coniectura
910 2386 1128 2441 probabilis
1155 2386 1316 2441 quidem
1344 2387 1506 2428 Halmio
1534 2387 1704 2441 videtur,
1735 2388 1806 2429 sed
1833 2402 1912 2429 non
1942 2388 2067 2443 digna
2093 2394 2240 2440 tamen,
2270 2400 2373 2442 quae
2401 2386 2442 2427 in

167 2448 348 2508 ordinem
375 2451 602 2502 recipiatur.
659 2449 736 2490 Oui
763 2450 949 2504 equidem
975 2450 1189 2502 adsentior,
1218 2465 1311 2490 nam
1339 2453 1408 2504 qui
1434 2451 1521 2491 fieri
1548 2452 1732 2505 potuerit,
1761 2458 1806 2492 ut
1835 2452 2111 2492 decoravit
2138 2453 2180 2491 in
2208 2451 2456 2490 deseruit*

169 2511 473 2566 depravaretur,
502 2526 583 2554 non
610 2512 811 2566 intellego.
867 2513 973 2566 vide,
1002 2513 1110 2567 quod
1137 2511 1235 2554 mihi
1259 2514 1302 2554 in
1328 2520 1502 2555 mentem
1533 2514 1663 2565 venit,
1705 2528 1756 2554 ne
1792 2514 1834 2554 id
1870 2516 1920 2555 sit
1956 2515 2212 2569 probabilius.
2265 2515 2444 2567 suspicor

173 2575 282 2615 enim
310 2574 566 2616 scribendum
590 2588 676 2617 esse
703 2576 1020 2617 honestavit.
1075 2577 1210 2631 prima.
1231 2575 1387 2630 syllaba
1413 2576 1594 2632 dempta,
1632 2574 1734 2631 qu'ae
1760 2577 1877 2619 facile
1904 2577 1955 2619 ob
1993 2576 2273 2619 antecedentes
2307 2576 2447 2618 literas

170 2638 232 2679 do
258 2639 499 2679 intercidere
525 2641 666 2693 potuit,
696 2640 868 2680 eundem
893 2640 1098 2681 literarum
1125 2654 1334 2680 numerum
1360 2642 1552 2681 invenies.

362 2712 399 2765 5,
421 2712 460 2765 2,
482 2712 504 2753 l
534 2712 575 2753 in
602 2711 711 2754 hisce
739 2711 874 2754 verbis
901 2720 1056 2768 atque
1082 2720 1136 2755 nt
1161 2728 1188 2755 a
1214 2712 1444 2768 publicis
1471 2715 1605 2755 actis
1632 2714 1828 2768 ordiar,
1856 2715 2104 2755 Marcium
2131 2715 2336 2769 patriae
2364 2726 2445 2753 co·

169 2782 376 2816 nantem
403 2776 712 2830 admotoque
739 2778 907 2829 portis
934 2778 1078 2817 urbis
1104 2779 1310 2831 ingenti
1339 2778 1646 2818 Volscorum
1674 2779 1912 2819 exercitu
1940 2777 2093 2818 funus
2121 2791 2177 2818 ac
2195 2775 2447 2817 tenebras
