2442 3365
710 84 716 104 .
953 90 1258 159 -n—

87 206 147 250 ad
172 222 312 264 quam
348 207 567 249 crudeles
602 221 839 263 quamque
872 207 1042 248 merito
1080 203 1175 245 sibi
1208 180 1413 245 infestos
1448 205 1562 245 deos
1596 205 1940 258 reverteretur,
1977 219 2139 248 verum
2163 208 2277 263 quia
2301 209 2368 250 iis

52 322 55 324 ,
84 274 354 322 iuraverat,
388 270 428 309 si
460 271 643 323 captivi
675 284 836 310 eorum
869 269 1048 310 redditi
1080 263 1192 308 non'
1210 268 1386 320 forent,
1425 268 1485 308 ad
1521 282 1599 308 eos
1632 282 1734 308 sese
1770 268 2050 320 rediturum.
2102 276 2377 329 potuerunq

84 327 307 389 profecto
325 332 394 373 dii
410 332 697 373 inmortales
714 332 967 373 efferatam
983 331 1207 384 mitigare
1224 331 1491 371 saevitiam.
1529 330 1588 371 ‘In
1601 329 1811 372 hisverbis
1824 332 2167 386 postquamiama
2186 332 2364 375 lun-arii·

82 397 324 438 intellectum
337 401 398 436 est
409 396 588 449 ineptum
602 409 690 436 esse
708 396 796 447 deo
806 409 843 447 s,
873 394 1189 435 emendationem
1202 392 1316 433 multi
1328 394 1623 447 quaesiverunt,
1638 394 1727 434 veri
1740 393 1868 434 simile
1878 393 1989 448 quod
1999 397 2260 436 essetnemo
2247 409 2363 437 mve-

81 461 151 500 nit.
205 472 297 499 cum
328 457 682 512 Carthaginienses
708 458 891 498 crudeles
916 456 1150 510 Reguloque
1176 454 1307 496 infesti
1334 455 1469 496 multis
1494 455 1723 496 nominibus
1750 456 1970 509 significari
1994 457 2197 510 potuerint
2232 471 2365 512 neque

88 521 167 565 dici
192 522 327 576 possit,
357 534 435 576 quo
462 521 709 575 potissimum
735 520 860 561 verbo
888 519 1049 561 Valerio
1089 521 1148 560 uti
1186 532 1346 559 necesse
1386 519 1526 571 fuerit,
1568 519 1603 558 is
1644 518 1805 559 demum
1844 524 2074 573 corruptum
2114 519 2358 562 vocabulum

83 585 229 637 optime
255 584 459 624 videbitur
484 585 715 634 correxisse,
744 585 814 636 qui
841 590 883 622 et
908 583 1017 636 quod
1047 584 1244 622 sententia
1270 583 1443 621 maxime
1470 581 1662 634 probetur
1696 581 1905 634 protulerit
1946 588 1987 621 et
2026 582 2229 622 lenissima
2266 597 2363 624 usus

81 645 200 687 fuerit
226 647 455 686 mutatione.
490 660 571 686 non
596 646 742 685 mirum
768 646 977 696 exstitisse,
1006 645 1075 698 qui
1088 658 1228 685 vocem
1243 658 1269 684 a
1283 644 1485 684 codicibus
1497 644 1686 684 traditam
1703 645 1887 697 quamvis
1904 643 2120 685 artificion
2144 658 2358 698 argumen-

78 709 228 749 tatione
254 714 492 748 conarentur
518 707 743 747 defendere.
798 706 869 747 sed
895 700 1057 761 operam
1083 706 1139 746 illi
1165 706 1432 760 perdiderunt.
1488 719 1618 759 neque
1646 719 1744 746 vero
1777 706 1987 760 opiniones
2012 705 2184 760 probare
2199 719 2365 761 possum

80 785 232 822 eorum,
265 772 334 823 qui
362 771 476 810 deos
504 784 526 809 e
552 784 741 823 perversa
769 764 1093 823 interpretatione
1110 769 1333 820 verborum,
1362 783 1465 822 quae
1492 775 1721 822 sequuntur,
1750 774 2013 822 potuerunt
2038 769 2258 823 profecto
2284 770 2361 810 dii

79 832 363 875 inmortales
389 833 641 874 efferatam
667 833 888 886 mitigare
916 832 1173 873 saevitiam
1200 838 1330 872 ortum
1357 846 1443 872 esse
1470 830 1651 872 arbitrati
1678 830 1924 872 deleverunt.
1979 845 2061 873 non
2093 831 2287 873 eiciendo?
2300 839 2364 875 est

76 909 169 948 vox,
198 895 270 936 sed
308 895 568 937 emendanda.
611 897 927 936 coniecturarum
953 901 1097 947 autem,
1126 908 1231 949 quae
1257 894 1310 935 ab
1320 894 1564 941 ‘hominibus
1587 894 1713 935 doctis
1736 893 1916 949 prolatae
1942 900 2045 947 sunt,
2062 900 2109 936 ut
2133 895 2361 936 dominos

76 972 101 999 a
128 960 344 1012 Perizonio,
384 972 464 999 eos
491 973 516 1000 a
542 960 690 1013 Lipsio,
720 960 908 999 Poenos
935 972 961 998 a
987 959 1192 1011 Torrenio,
1220 958 1330 998 nulla
1355 972 1454 998 vera
1480 957 1619 998 haberi
1645 963 1785 1012 potest,
1815 970 1962 1012 easque
1988 958 2120 1011 magis
2146 958 2199 999 ob
2213 965 2355 1000 aucto·

76 1035 165 1063 rum
189 1024 351 1062 nomina
378 1037 497 1075 quam
525 1023 575 1062 ob
607 1024 783 1075 ipsarum
818 1024 1104 1075 praestantiam
1140 1023 1459 1061 commemoravi.
1515 1023 1691 1061 omnium
1730 1022 1904 1060 maxime
1941 1020 2356 1082 editoribus‘placuit

75 1083 255 1137 hostes,
284 1098 387 1139 quae
414 1090 475 1126 est
501 1091 615 1126 vetus
643 1085 869 1126 coniectura
884 1084 969 1126 cod.
986 1084 1033 1126 E.
1090 1098 1139 1126 ea
1154 1085 1259 1125 enim
1273 1085 1509 1126 auctoritate
1520 1082 1725 1125 Ciceronis
1744 1082 2055 1137 commendatur,
2083 1084 2153 1139 qui
2167 1083 2218 1125 de
2231 1084 2296 1126 off.
2317 1084 2357 1137 3,

73 1147 137 1199 25,
166 1147 219 1187 99
245 1148 344 1188 haec
378 1147 497 1187 habet
532 1161 681 1202 neque
708 1161 824 1188 vero
852 1154 946 1187 tum
973 1148 1233 1201 ignorabat
1269 1161 1315 1187 se
1352 1148 1412 1187 ad
1450 1147 1836 1187 crudelissimum
1871 1146 2056 1187 hostem
2091 1147 2357 1201 proficisci.

73 1210 145 1249 sed
170 1217 253 1250 tam
279 1212 415 1250 tritum
442 1211 681 1250 vocabulum
721 1213 797 1250 isto
836 1211 954 1250 modo
994 1213 1066 1250 vix
1102 1213 1276 1263 potuisse
1308 1211 1518 1263 depravari
1553 1210 1650 1249 mihi
1686 1210 1939 1249 manifestum
1972 1205 2045 1250 est.
2099 1210 2210 1250 aliud
2235 1224 2358 1263 quae·

72 1271 240 1313 rendum
268 1279 336 1325 est,
367 1279 407 1314 et
433 1272 537 1325 vide,
566 1287 617 1314 ne
648 1273 748 1314 forte
775 1272 1027 1314 scribendum
1053 1273 1105 1314 sit
1130 1279 1351 1325 tortores,
1381 1286 1484 1327 quae
1511 1286 1593 1313 vox
1616 1271 1779 1313 Valerio
1806 1271 1953 1313 usitata
1979 1277 2041 1313 est
2066 1271 2119 1314 cf.
2146 1271 2183 1324 3,
2216 1272 2243 1314 3
2271 1279 2356 1316 ext.

71 1335 109 1374 5.
164 1336 210 1375 in
250 1336 493 1376 Theodoto
534 1337 851 1389 Hieronymus
891 1342 1125 1388 tyrannus
1170 1342 1400 1376 tortorum
1444 1349 1604 1375 manus
1644 1335 1826 1374 frustra
1871 1335 2114 1388 fatigavit.
2155 1336 2191 1387 9,
2220 1337 2247 1375 2
2273 1343 2357 1376 ext·

71 1399 121 1438 10
147 1398 343 1438 Etrusci
370 1401 515 1439 amari
546 1401 675 1439 vitae
711 1414 766 1455 ac
806 1401 973 1439 mortis
1008 1406 1228 1440 tortores.
1282 1407 1401 1452 atque
1437 1406 1481 1438 ut
1515 1398 1655 1438 eadem
1689 1398 1979 1438 commendatio
2016 1412 2129 1438 meae
2170 1399 2358 1439 emenda-

67 1461 176 1513 tioni,
206 1460 308 1515 quae
335 1462 482 1503 codicis
510 1462 570 1514 E„
613 1462 789 1518 accedat,
829 1462 960 1503 locum
987 1463 1145 1503 Horatii
1171 1462 1348 1503 adferam
1362 1493 1372 1513 ‚
1416 1462 1480 1502 cui
1508 1475 1596 1501 eam
1623 1460 1748 1501 debeo
1763 1492 1775 1513 ,
1817 1474 1938 1502 carm.
1975 1460 2013 1512 3,
2045 1461 2084 1513 5,
2111 1461 2177 1502 49.
2219 1463 2357 1516 atqui

68 1523 257 1565 sciebat
284 1525 508 1578 (Regulus),
547 1539 666 1579 quae
694 1525 789 1567 sibi
815 1525 1051 1566 barbarus
1082 1531 1235 1566 tortor
1268 1531 1480 1579 pararet3
1518 1538 1610 1564 non
1642 1524 1793 1565 aliter
1833 1530 1993 1564 tamen
2027 1523 2236 1564 dimovit
2272 1523 2358 1565 ob-

68 1593 257 1627 stantes
283 1590 582 1641 propinquos
609 1595 654 1628 et
680 1588 906 1641 populum
933 1589 1117 1628 reditus
1145 1595 1414 1629 morantem.

260 1651 294 1702 1,
326 1651 346 1690 1
378 1657 457 1691 ext.
486 1652 512 1690 4
539 1652 580 1691 in
608 1651 741 1691 verbis
769 1658 970 1705 excepta
996 1652 1149 1704 magni
1181 1651 1406 1705 ponderis
1444 1664 1601 1691 aurea
1624 1655 1819 1690 cratera
1845 1649 2055 1703 Kempfius
2100 1656 2141 1689 et
2168 1650 2355 1690 Halmius

67 1719 253 1753 cratera
275 1715 526 1767 scripserunt,
556 1727 796 1767 quamquam
822 1716 864 1754 in
891 1715 977 1754 cod.
1008 1715 1055 1755 Β.
1084 1721 1283 1766 cretera,
1312 1716 1353 1754 in
1381 1714 1537 1753 Paridis
1566 1713 1763 1754 Vaticano
1791 1719 2009 1752 creterra
2036 1712 2232 1752 traditum
2276 1720 2350 1753 est.

65 1789 195 1829 neque
222 1790 319 1816 vero
344 1777 420 1816 hae
447 1777 597 1816 formae
623 1777 894 1830 repudiandae
921 1784 1027 1829 sunt3
1057 1792 1125 1818 eas
1152 1779 1257 1817 enim
1274 1779 1430 1830 saepius
1448 1777 1557 1830 apud
1575 1778 1785 1829 scriptores
1804 1777 2003 1816 Romanos
2020 1777 2198 1815 inveniri
2231 1776 2352 1817 docet

66 1838 219 1880 Nevius
246 1840 493 1888 {Formenlehre
520 1845 553 1881 b.
581 1841 644 1881 tut.
675 1841 840 1891 &pruche
875 1840 896 1880 I
931 1855 969 1893 p.
996 1840 1075 1880 332
1102 1840 1151 1880 cf.
1181 1840 1264 1880 Cic.
1294 1841 1402 1879 Fam.
1439 1841 1473 1890 7,
1507 1842 1540 1890 l,
1570 1843 1606 1889 2,
1642 1839 1711 1878 ubi
1739 1840 1921 1878 Baiter-us
1956 1851 1978 1877 e
2007 1837 2189 1889 Mediceo
2228 1852 2317 1878 cre
2334 1855 2349 1861 ·

67 1906 302 1940 terrarum
329 1903 496 1954 scripsit.
550 1916 680 1955 neque
707 1902 897 1942 adsentiri
928 1916 1089 1956 possum
1114 1902 1241 1943 doctis
1276 1902 1511 1953 hominibus,
1541 1904 1608 1955 qui
1649 1904 1683 1953 1,
1714 1902 1735 1940 7
1763 1907 1846 1941 ext.
1874 1901 1901 1940 4
1927 1900 2059 1953 Atyn
2095 1914 2118 1939 e
2147 1901 2347 1940 Vaticano

64 1963 221 2004 Paridis
248 1965 499 2017 scripserunt,
529 1966 602 2004 etsi
629 1966 671 2005 in
697 1965 892 2006 Beruensi
919 1971 1051 2006 exstat
1075 1965 1231 2019 Atym.
1287 1965 1626 2005 substantivorum
1654 1965 1760 2004 euim
1788 1965 1829 2003 in
1867 1977 1923 2016 ys
1960 1964 2193 2003 exeuntium
2232 1976 2352 2003 casus

63 2028 318 2067 accusativus
345 2027 462 2067 modo
490 2029 532 2067 in
567 2042 659 2081 ym,
688 2028 805 2068 modo
832 2030 874 2068 in
900 2043 964 2081 yn
990 2028 1108 2081 cadit,
1137 2029 1187 2069 cf.
1215 2028 1310 2070 ibid.
1343 2043 1379 2082 p.
1408 2028 1498 2079 323,
1526 2027 1597 2067 ubi
1611 2028 1844 2068 adferuntur
1857 2026 2025 2099 Cotym
2046 2026 2146 2079 Nep.
2174 2026 2355 2068 Timoth.

68 2089 102 2139 1,
132 2090 174 2141 23
202 2090 344 2130 Livius
370 2091 434 2141 45,
463 2091 499 2141 6,
529 2091 575 2141 2·
604 2091 775 2163 Halym
800 2091 923 2145 Verg.
949 2092 1051 2131 Aen.
1081 2093 1117 2143 9,
1148 2092 1225 2132 765
1252 2092 1342 2132 alia.
1356 2114 1408 2121 —
1428 2092 1574 2130 iniuria
1588 2091 1772 2131 Halmius
1790 2103 1863 2142 pro
1890 2089 2147 2138 iocinoris,
2176 2089 2286 2142 quod
2313 2090 2351 2141 1,

60 2152 97 2202 6,
128 2151 153 2190 8
179 2159 219 2191 et
245 2153 307 2192 9
296 2168 338 2192 ιιι
365 2153 452 2193 cod.
481 2154 528 2192 B.
557 2159 699 2204 exstat,
742 2154 978 2193 iocineris
1006 2155 1173 2214 scripsit,
1202 2168 1306 2207 quae
1332 2154 1459 2193 forma
1490 2167 1572 2193 uno
1607 2160 1760 2192 tantum
1796 2152 1882 2191 loco
1925 2151 2036 2204 apud
2063 2151 2274 2191 Valerium
2311 2152 2350 2202 3,

62 2214 85 2254 7
114 2221 193 2255 ext.
223 2215 249 2254 6
277 2221 317 2256 et
346 2215 455 2269 apud
481 2215 671 2256 Paridem
701 2216 734 2268 1,
765 2216 801 2269 6,
832 2215 860 2256 8
884 2217 1098 2257 invenitur.
1153 2209 1337 2271 equidem
1364 2223 1574 2270 utrumque
1600 2214 1853 2255 retinendum
1889 2227 1979 2254 esse
2011 2209 2122 2268 puto.
2178 2214 2229 2255 cf.
2258 2213 2345 2266 8,1

60 2277 165 2317 amb.
196 2279 216 2316 1
245 2278 369 2318 fuste
396 2285 437 2318 et
459 2279 495 2330 6,
524 2279 561 2330 3,
590 2280 615 2318 9
643 2280 779 2331 fusti,
808 2280 983 2334 itemque
1010 2281 1047 2331 5,
1076 2280 1101 2319 3
1129 2286 1209 2319 ext.
1238 2280 1263 2319 3
1292 2279 1648 2319 Themistoclea
1675 2284 1716 2318 et
1743 2279 1779 2329 7,
1812 2278 1838 2317 2
1866 2284 1949 2318 ext.
1977 2277 2350 2318 Themistoclen

57 2339 133 2391 (P.
152 2340 545 2393 Themistoclea).
557 2365 600 2371 —
614 2356 743 2395 neque
757 2349 864 2382 recte
876 2343 1082 2382 Halmium
1096 2344 1337 2396 suspicatum
1352 2356 1434 2381 esse
1448 2348 1556 2395 puto,
1569 2343 1807 2395 scripturam
1820 2340 1909 2380 cod.
1923 2341 1972 2381 B.
1985 2346 2120 2380 recte
2136 2340 2350 2381 emendan-

59 2401 155 2442 dam
181 2416 267 2443 esse
293 2403 335 2443 in
372 2405 491 2444 resti
530 2404 594 2458 (P.
622 2405 751 2457 reti).
806 2420 901 2445 nam
926 2405 1042 2446 huius
1066 2405 1219 2446 formae
1250 2404 1329 2446 duo
1350 2412 1510 2462 *tantum
1538 2404 1724 2458 exempla
1759 2404 2018 2444 inveniuntur
2054 2402 2106 2444 cf.
2138 2403 2290 2443 Nevius
2317 2403 2348 2446 l.

51 2463 81 2506 l.
108 2481 147 2518 p.
174 2467 265 2516 218,
295 2469 364 2521 qui
391 2467 521 2508 adfert
550 2469 695 2509 Donat.
725 2470 761 2519 2,
794 2469 854 2518 10,
886 2470 911 2509 3
942 2484 980 2522 p.
1011 2468 1110 2509 1751
1143 2475 1183 2509 et
1210 2470 1363 2510 Remm.
1393 2468 1478 2511 Pal.
1506 2484 1544 2522 p.
1577 2468 1693 2509 1374.

250 2531 458 2583 Pergimus
481 2530 584 2581 adl,
613 2532 647 2581 7,
677 2531 715 2571 8.
743 2532 931 2572 Haterius
944 2532 1082 2583 Rufus,
1111 2533 1182 2584 qui
1206 2533 1321 2571 inter,
1336 2532 1510 2585 quietem
1536 2532 1675 2571 retiari
1702 2545 1824 2571 manu
1840 2544 1884 2570 se
1898 2529 2059 2570 confodi
2073 2528 2247 2582 viderat,
2270 2542 2343 2582 po-

56 2597 164 2631 stero
178 2591 255 2644 die,
270 2606 360 2632 cum
387 2592 666 2646 gladiatorium
691 2607 835 2634 munus
861 2594 1070 2648 Syracusis
1096 2593 1290 2646 ederetur,
1318 2595 1360 2634 in
1386 2593 1612 2648 spectaculo
1625 2593 1919 2634 consessoribus
1932 2593 2127 2641 scamium
2152 2592 2348 2633 narravit.

60 2649 234 2694 incidit
260 2654 449 2706 deinde,
483 2663 533 2696 ut
559 2658 774 2710 proximo
802 2657 860 2697 ab
884 2659 1047 2711 equite
1074 2657 1177 2697 loco
1204 2659 1433 2698 retiarius
1458 2671 1564 2697 cum
1599 2657 1899 2698 murmillone
1932 2654 2347 2696 introduceretur.

60 2717 196 2756 cuius
221 2730 322 2756 cum
349 2718 516 2759 faciem
542 2718 760 2770 vidisset,
788 2720 913 2760 idem
937 2720 1061 2761 dixit
1088 2720 1146 2760 ab
1172 2720 1255 2761 illo
1282 2721 1482 2760 retiario
1509 2719 1747 2761 trucidari
1774 2725 1990 2773 putasse,
2019 2717 2347 2789 protinusque

58 2778 170 2817 inde
197 2779 440 2820 discedere
470 2781 633 2821 voluit.
688 2750 760 2821 i'lli
785 2796 994 2822 sermone
1022 2796 1105 2822 suo
1132 2790 1256 2822 metu
1283 2784 1380 2822 eius
1409 2783 1630 2823 discusso
1658 2795 1846 2822 causam
1872 2781 2014 2820 exitii
2052 2780 2236 2820 misero
2268 2785 2345 2820 at·

2097 2852 2151 2896 2*
