2442 3365
1099 73 1337 130 -5'-

70 211 287 253 Halmium
315 208 599 249 intellexerunt
626 208 667 246 in
695 221 764 249 vv.
788 207 823 258 7,
849 205 885 256 7,
908 205 928 244 7
949 204 1101 244 multo
1129 204 1179 254 Q.
1207 204 1443 244 Metellus
1470 211 1751 258 praetorem
1778 206 2028 248 urbanum
2055 212 2366 252 severiorem

71 275 189 328 egit
215 286 362 327 quam
388 270 598 313 Orestes
625 275 877 325 gesserat.
931 267 1016 322 qui
1042 266 1246 308 Vecillo
1274 266 1443 309 lenoni
1471 267 1713 310 bonorum
1731 268 1951 311 Vibieni
1977 275 2365 326 possessionem
2432 302 2435 304 -

69 336 356 379 secundum
384 333 598 375 tabulas
625 332 929 375 testamenti
957 344 1054 371 non
1081 329 1249 383 dedit,
1290 332 1404 384 quia
1431 333 1512 372 vir
1552 331 1901 374 nobilissimus
1937 340 1987 375 et
2023 337 2364 388 gravissimus

72 401 194 440 fori.
209 412 269 438 ac
295 398 568 451 lupanaris
595 396 934 451 separandam
958 393 1306 433 conditionem
1347 395 1694 446 existimavifft
1738 408 1830 434 nec
1869 402 1958 436 aut
1999 397 2182 439 factum
2221 400 2365 440 illiue

72 461 398 515 con'pro‘bare
423 459 612 511 voluit,
642 460 731 512 qui
757 459 988 498 fortunas
1015 470 1129 496 suas
1156 457 1208 496 in
1235 456 1490 497 stabulum
1517 460 1925 498 contaminatum
1952 463 2261 512 proiecerat
2284 469 2363 503 cet.

74 523 286 566 Valerium
312 522 480 574 dixisse,
512 521 563 573 Q.
591 520 797 561 Metellum
827 518 980 562 Vecillo
1007 508 1140 558 lenoni
1167 517 1329 559 Vibieni
1359 519 1476 573 bona,
1506 521 1581 560 etsi
1608 534 1744 561 eorum
1771 520 1887 561 heres
1904 528 2141 564 testamento
2159 525 2365 566 institutus
2415 553 2420 557 -

73 593 193 639 esset,
221 586 463 640 possidenda
488 598 569 624 non
593 584 819 624 tradidisse.
873 583 1146 636 supplemento
1173 584 1295 635 igitur
1322 583 1603 635 epitomatoris,
1630 585 1699 636 qui
1741 590 1831 636 post
1870 588 2167 627 testamenti
2193 589 2361 627 inseruit

17 670 23 676 ·
74 651 296 706 petenti,
325 661 461 689 carere
488 661 708 701 possumus.
737 647 844 687 Huic
872 645 1033 700 quidem
1047 644 1127 686 tale
1153 644 1253 700 quid
1280 644 1509 686 addendum
1534 646 1667 699 fuisse,
1697 660 1749 686 ex
1761 645 1896 688 verbis
1910 649 1995 689 eius
2008 649 2177 704 adparet
2194 650 2245 702 Q.
2264 650 2363 692 Me·

48 714 230 766 xtellus
257 719 471 765 praetor
498 711 725 752 urbanus
752 709 955 751 Vecillo
981 709 1159 749 lenoni
1187 709 1420 748 bonorum
1446 709 1653 749 Vibieni
1680 712 2051 764 possessionem
2081 715 2363 755 secundum

75 776 289 818 tabulas
316 776 621 815 testamenti
647 774 848 827 petenti
888 787 985 813 non
1021 772 1180 814 dedit.
1235 772 1341 812 idem
1376 773 1589 813 dicendum
1625 780 1686 813 est
1719 774 1770 813 de
1806 789 1874 814 vv.
1913 775 1949 826 8,
1989 777 2039 815 14
2066 783 2147 817 ext.
2174 778 2201 817 3
2227 778 2362 818 Ari·

75 838 335 881 stoteles
362 836 686 878 Theodecti
714 835 1017 890 discipulo
1045 835 1351 876 oratoriae
1379 837 1529 876 artis
1558 835 1743 877 libros
1769 850 1907 891 quos
1946 838 2147 881 ederet
2182 840 2362 882 dona-

77 908 274 953 verat,
303 901 669 953 molesteque
696 905 902 953 postea
928 899 1122 938 ferens
1148 899 1387 938 tltulum
1427 911 1615 938 eorum
1652 900 1735 939 sic
1774 900 1878 939 alii
1913 902 2197 955 cessisse,
2237 917 2362 958 pro-

78 967 207 1019 prio
234 964 531 1004 volumine
559 962 904 1027 quibusdam
931 961 1109 1000 rebus
1135 962 1447 1012 insistens,
1477 962 1713 1014 planius
1740 963 1855 1002 sibi
1882 963 1945 1001 de
1973 963 2061 1003 his
2097 966 2151 1005 in
2179 967 2361 1006 Theo-

81 1027 278 1068 dectis
319 1025 496 1066 libris
537 1024 754 1064 dictum
782 1037 909 1064 esse
936 1023 1173 1064 adiecit.
1227 1037 1321 1064 nam
1348 1023 1505 1077 siquid
1531 1023 1651 1064 video
1678 1038 1701 1064 e
1728 1024 1880 1065 Valerii
1907 1025 2042 1066 verbis
2068 1028 2165 1068 satis
2192 1028 2362 1083 adparet

84 1089 343 1131 Aristotelem
371 1089 569 1127 oratoriae
597 1088 693 1126 artis
726 1087 848 1127 libros
883 1089 940 1126 ita
967 1087 1190 1132 Theodecti
1224 1087 1411 1137 donasse,
1449 1093 1494 1125 ut
1531 1093 1723 1140 tanquam
1760 1089 1820 1126 sui
1856 1095 1988 1128 essent
2023 1089 2171 1130 ederet.
2225 1093 2361 1145 itaque

82 1166 183 1207 pro
211 1166 230 1192 s
245 1166 271 1192 u
286 1152 299 1191 i
314 1165 353 1203 s,
400 1149 507 1204 quod
549 1150 664 1190 Paris
707 1149 861 1191 addidit
894 1156 987 1190 ante
1016 1149 1076 1189 ed
1092 1155 1234 1201 eret,
1272 1162 1613 1203 supervacaneum
1655 1155 1727 1204 est.
1783 1149 1855 1190 sed
1890 1150 2028 1192 redeat
2064 1154 2211 1205 oratio,
2254 1153 2361 1195 unde

77 1228 242 1269 egressa
255 1220 325 1253 cst.
371 1214 467 1253 satis
479 1212 576 1251 mihi
591 1213 882 1252 demonstrasse
897 1213 1048 1264 videor,
1075 1213 1195 1252 trium
1210 1212 1384 1251 locorum
1403 1225 1550 1264 eorum,
1579 1213 1629 1251 de
1643 1212 1789 1266 quibus
1808 1212 2066 1267 disputamus,
2086 1229 2167 1255 non
2180 1230 2361 1257 necessa·

76 1280 159 1318 rias
185 1291 272 1317 esse
300 1276 610 1316 emendationes.
665 1276 869 1329 quaeritur
907 1276 1051 1328 igitur,
1086 1290 1182 1315 num
1219 1277 1315 1315 satis
1352 1276 1488 1328 gravis
1523 1275 1761 1316 emendandi
1802 1290 1924 1317 causa
1959 1292 2009 1318 ea
2046 1278 2186 1319 haberi
2223 1281 2358 1334 possit,

77 1341 186 1395 quod
212 1341 326 1381 Paris
352 1339 407 1381 ad
433 1339 602 1379 verbum
628 1338 754 1379 verba
781 1339 933 1380 Valerii
958 1339 1173 1392 repetierit.
1228 1338 1298 1379 sed
1324 1339 1400 1379 hoc
1427 1339 1608 1379 Halmius
1636 1340 1720 1393 ipse
1748 1339 1951 1392 refutavit,
1989 1343 2058 1394 qui
2085 1343 2166 1383 alia
2183 1343 2360 1384 eiusdem

76 1405 240 1458 generis
268 1403 453 1456 exempla
480 1402 692 1442 emendare
719 1416 799 1441 non
826 1415 946 1441 ausus
973 1409 1045 1444 est.
1099 1415 1267 1455 quorum
1295 1416 1316 1441 e
1353 1402 1468 1455 larga
1503 1404 1638 1456 copia,
1675 1416 1725 1442 ne
1761 1402 1906 1455 longus
1947 1405 2038 1456 sim,
2082 1405 2160 1445 duo
2199 1406 2358 1459 eligam.

76 1469 118 1519 3,
147 1468 186 1518 3,
214 1467 241 1506 2
268 1466 499 1518 Pompei
527 1466 700 1504 etiam
727 1464 1060 1518 probabilis
1086 1466 1303 1515 virtus,
1332 1460 1448 1517 qu‘i,
1479 1465 1599 1504 dum
1627 1466 1949 1517 legationis
1987 1468 2197 1508 officio
2235 1470 2359 1509 fun·

76 1532 268 1583 gitur,
297 1543 322 1568 a
349 1541 484 1580 rege
513 1527 726 1567 Gentio
755 1528 1159 1580 interceptus,
1192 1542 1309 1567 cum
1337 1535 1580 1567 senatus
1620 1528 1877 1568 consilia
1908 1530 2157 1582 prodere
2195 1532 2359 1572 iube-

75 1599 267 1643 retur,
297 1591 534 1631 ardenti
562 1590 838 1630 lucernae
865 1590 1144 1630 admotum
1180 1590 1425 1643 digitum
1462 1590 1823 1631 cremandum
1858 1591 2138 1644 praebuit
2176 1608 2358 1647 eaque

76 1647 384 1710 patientia
409 1654 540 1706 regi
575 1652 1049 1706 desperationem
1086 1653 1395 1694 tormentis
1430 1654 1732 1707 quicquam
1767 1666 1833 1694 ex
1867 1667 1924 1695 se
1959 1656 2359 1708 cognoscendi

75 1718 350 1757 incussit.
405 1716 562 1755 Paridis
589 1715 688 1754 haec
716 1715 843 1754 verba
870 1722 961 1755 sunt
986 1716 1292 1770 Pompeius
1319 1716 1442 1755 dum
1469 1716 1792 1770 legationis
1820 1717 2033 1758 officio
2061 1718 2355 1774 fungitur,

75 1798 103 1820 a
141 1796 279 1831 rege
315 1780 528 1819 Gentio
566 1781 966 1830 interceptus,
1005 1780 1410 1831 cum-consilia
1449 1781 1695 1831 prodere
1741 1781 2078 1831 iuberetur,
2119 1785 2358 1822 ardenti

75 1842 359 1885 lucernae
387 1840 670 1882 admotum
698 1839 945 1895 digitum
982 1840 1341 1883 cremandum
1376 1840 1681 1895 praebuit,
1721 1847 1761 1883 et
1797 1856 1860 1884 ea
1894 1843 2196 1897 patientia
2229 1845 2356 1899 regi

74 1905 554 1959 desperationem
582 1906 885 1958 quicquam
913 1910 977 1944 e‘x
1004 1919 1059 1944 se
1087 1905 1483 1958 cognoscendi
1520 1907 1743 1947 iniecit.
1799 1906 2047 1960 qujdaejgstur
2084 1910 2126 1946 in
2168 1909 2229 1947 his
2268 1910 2353 1948 in-

75 1985 139 2010 cu
154 1971 265 2009 ssit
291 1982 371 2008 non
400 1968 601 2007 correxit?
629 1968 733 2021 adde
761 1967 867 2021 quod
894 1969 941 2007 in·
962 1968 1098 2008 codice
1116 1969 1308 2008 Bernensi
1338 1969 1527 2008 traditum
1555 1973 1664 2008 est'e
1679 1984 1707 2008 x
1722 1983 1784 2009 cu
1799 1984 1817 2008 s
1832 1970 1877 2021 si
1893 1975 1909 2009 t
1917 2001 1928 2022 ‚
1957 1970 2065 2024 quod
2093 1972 2269 2012 secunda
2288 1972 2356 2012 de-

75 2047 183 2073 mum
219 2045 361 2071 manus
394 2032 577 2070 correxit.
634 2031 803 2070 alterum
831 2031 1058 2085 exemplum
1086 2037 1146 2071 est
1192 2033 1226 2083 l,
1256 2032 1293 2084 6,
1334 2033 1383 2071 10
1410 2031 1702 2072 Octavius
1739 2033 1943 2073 consul
1981 2033 2164 2074 dirum
2201 2048 2357 2075 omen

75 2094 548 2151 quemadmodum
575 2094 794 2144 timuit,
839 2095 923 2132 ita
949 2095 1146 2134 vitare
1173 2108 1279 2134 non
1307 2088 1509 2149 potuit.
1567 2107 1589 2133 e
1617 2095 1931 2134 simulacro
1959 2097 2355 2152 enimApolli·

71 2161 155 2200 nis
182 2174 281 2213 per
308 2172 364 2197 se
392 2157 639 2210 abrupto
668 2158 864 2210 capite
891 2158 1063 2197 etita
1101 2159 1297 2199 infixo
1336 2159 1483 2198 humi
1511 2165 1570 2198 ut
1608 2159 1795 2198 avelli
1836 2162 2138 2212 nequiret,
2183 2163 2355 2201 armis

74 2236 195 2263 cum
222 2220 462 2273 collega
488 2231 586 2259 suo
614 2219 912 2259 dissidens
938 2219 1145 2273 Cinna,
1172 2221 1567 2275 praesumpsit
1593 2221 1776 2260 animo
1805 2234 1868 2262 ea
1902 2236 1959 2262 re
2000 2223 2355 2276 significari

74 2287 325 2326 exitium
354 2297 519 2323 suum.
574 2297 646 2336 pro
674 2283 823 2322 humi
850 2284 964 2322 Paris
992 2284 1148 2338 scripsit
1175 2285 1295 2323 hum
1313 2297 1347 2323 o.
1402 2284 1473 2322 sed
1500 2284 1599 2323 haec
1626 2284 1831 2324 hactenus.

265 2359 356 2397 Non
384 2359 588 2410 perspexit
606 2358 791 2397 Halmius
818 2359 1100 2410 proprietatem
1124 2358 1355 2397 elocutionis
1373 2358 1624 2409 Valerianae,
1654 2373 1746 2397 cum
1766 2360 1807 2397 in
1835 2374 1902 2399 vv.
1933 2360 1969 2410 2,
1998 2360 2035 2410 ὃ,
2064 2361 2090 2398 2
2117 2363 2209 2413 qui
2236 2374 2259 2399 c
2274 2375 2354 2400 um

73 2423 143 2463 ad
169 2419 473 2462 visendum
501 2434 731 2473 aegrum
760 2420 1054 2474 collegam
1080 2435 1235 2461 suum
1262 2422 1528 2461 venisset
1554 2435 1738 2475 neque
1767 2436 1792 2462 a
1818 2422 2121 2462 nobilibus
2154 2423 2354 2463 seden-

74 2485 131 2525 di
156 2484 281 2524 loco
308 2484 708 2535 reciperetur,
737 2482 943 2523 sellam
970 2483 1227 2523 curulem
1256 2483 1484 2524 adferri
1511 2484 1692 2524 iussit
1725 2498 1747 2523 e
1775 2484 1921 2524 Paride
1955 2490 1995 2524 et
2021 2484 2246 2538 Nepotiane
2279 2498 2354 2539 pro

70 2548 311 2587 veniret
336 2545 527 2585 scriberet
552 2546 829 2587 venisset.
874 2546 1034 2585 Livium
1060 2559 1218 2599 quoque
1232 2547 1408 2600 proferre
1426 2553 1593 2599 poterat,
1610 2548 1677 2600 qui
1692 2547 1828 2587 scribit
1846 2547 1882 2597 9,
1900 2546 1952 2585 46
1969 2560 1994 2586 a
2010 2546 2037 2586 d
2064 2548 2215 2587 colle
2231 2561 2355 2600 gam

74 2623 311 2663 aegrum
338 2607 572 2647 visendi
601 2621 772 2647 causa
800 2608 1043 2648 Flavius
1066 2622 1184 2648 cum
1212 2610 1477 2649 venisset
1505 2623 1914 2666 consensuque
2040 2609 2354 2650 adsurrec-

74 2680 188 2713 tum
216 2673 266 2711 ei
293 2685 400 2710 non
427 2676 609 2722 esset,
639 2672 895 2711 curulem
922 2672 1153 2711 adferri
1180 2672 1386 2712 sellam
1414 2673 1602 2713 iussit.
1659 2673 1729 2713 sed
1756 2673 1853 2713 nihil
1880 2674 1921 2713 in
1941 2673 2092 2713 Valerii
2113 2672 2249 2712 verbis
2269 2687 2354 2713 mu·

74 2735 256 2777 tandum.
310 2748 391 2774 non
420 2734 525 2773 enim
552 2732 595 2773 id
622 2735 765 2788 agitur,
796 2741 839 2776 ut
867 2736 951 2776 eius
979 2749 1200 2776 sermonem
1229 2751 1280 2776 ex
1310 2737 1467 2790 optimis
1494 2736 1751 2791 scriptoribus
1783 2738 2039 2790 corrigamus.
2082 2736 2265 2777 conferas
2304 2736 2353 2776 si-

71 2797 721 2850 millimumlocum5,6,2cum
748 2800 802 2839 in
830 2799 1018 2840 media
1044 2806 1211 2853 part-e
1240 2801 1355 2841 fori
1384 2808 1548 2841 vasto
1576 2815 1634 2842 ac
1661 2801 1969 2854 repentino
1999 2800 2168 2842 hiatu
2194 2808 2354 2841 terra

2404 685 2442 712 Λ

2410 728 2442 764 t.

2416 796 2442 812 §fi
