2442 3365
1108 161 1160 170 -
1214 138 1240 178 9
1293 160 1346 168 .-

953 188 1004 206 al

58 258 128 294 ,ut
152 251 320 307 quales
347 251 507 292 videri
533 251 716 297 ve‘llent
742 251 862 303 tales
890 253 1035 293 etiam
1068 258 1229 293 essent
1254 265 1334 293 non
1361 253 1553 304 correxit,
1583 266 1675 293 cum
1702 252 1812 306 apud
1828 252 2037 294 Valerium
2062 253 2362 310 etCiceronem

75 315 127 356 de
154 314 220 356 off.
248 313 292 355 11
320 316 345 365 ξ
371 314 424 354 43
464 315 516 354 sit
557 314 606 354 id
646 314 883 368 agerent?
938 321 1089 369 quanto
1128 328 1248 369 opere
1287 316 1376 369 quis
1417 316 1459 355 in
1496 315 1558 355 his
1602 315 1723 356 rebus
1763 315 1847 356 falli
1880 316 2024 370 possit,
2058 315 2244 358 Halmius
2268 318 2359 373 ipse

74 379 187 419 testis
212 382 285 429 est,
311 379 380 431 qui
406 390 480 418 em.
508 378 559 418 V.
588 393 627 432 p.
646 377 698 418 32
716 376 843 418 verba
868 384 1107 418 tonsorum
1132 391 1323 432 quoque
1350 384 1479 419 metu
1506 377 1712 420 tondere
1738 378 1874 420 filias
1900 392 2009 419 suas
2034 378 2213 420 docuit:
2239 392 2358 436 qua·

74 455 175 483 rum
187 437 426 496 ipsarum,
455 446 704 496 postquam
731 440 925 483 adultae
951 442 1106 482 aetati
1132 441 1604 496 adpropinquabant,
1632 441 1852 483 manibus
1878 441 2061 483 ferrum
2086 456 2179 483 non
2212 455 2358 486 ausus

75 505 365 546 committere
391 505 610 544 instituit
636 509 685 543 ut
712 504 1021 545 candentium
1048 505 1349 558 iuglandium
1382 519 1553 545 nucum
1590 504 1924 558 putaminibus
1959 504 2158 546 barbam
2189 505 2281 546 sibi
2312 512 2360 547 et

75 563 305 622 capillum
331 566 591 608 adurerent
618 580 670 607 ex
698 565 901 608 Ciceronis
929 566 1166 609 Tusculanis
1192 567 1219 609 5
1257 569 1282 619 ξ
1322 567 1386 621 58,
1429 567 1499 609 ubi
1539 575 1646 610 recte
1687 573 1791 609 esset
1826 573 1879 609 ut
1918 567 2246 617 candentibus
2285 570 2360 611 in·

75 630 321 685 glandium
347 629 680 684 putaminibus
705 629 905 671 barbam
932 630 1025 671 sibi
1051 636 1098 671 et
1123 631 1356 684 capillum
1389 631 1672 683 adurerent,
1713 630 1953 683 emendavit,
1981 632 2025 671 in
2061 631 2235 672 editione
2269 646 2356 673 mu-

71 699 157 735 tata
183 693 381 734 sententia
410 692 597 734 codicum
623 694 862 748 scripturam
887 694 1060 735 retinuit.

262 756 376 796 Haec
401 755 536 807 habui,
565 755 616 795 de
634 756 790 796 Paridis
816 758 987 811 epitome
1013 770 1116 810 quae
1143 756 1326 797 dicerem.
1380 764 1501 811 atque
1526 757 1626 797 illud
1651 757 1748 798 mihi
1774 758 1855 797 iam
1881 756 2173 798 demonstrasse
2190 757 2354 811 videor,

40 799 42 803 .
73 805 261 860 lectiones
275 819 359 859 eius
373 818 427 859 ad
442 818 595 860 Valerii
615 819 785 860 Maximi
799 819 920 860 libros
934 819 1204 860 emendandos
1229 833 1311 859 non
1337 819 1594 860 arcessendas
1620 834 1718 872 esse,
1746 821 1825 860 nisi
1850 819 1921 860 ubi
1947 820 2130 861 codicum
2155 821 2356 874 scriptura

77 880 299 935 depravata
326 882 388 921 sit.
442 880 666 921 laudandus
693 888 827 922 autem
854 882 1040 922 Halmius
1067 887 1139 934 est,
1168 881 1275 936 quod
1303 895 1390 922 eam
1417 882 1548 922 denuo
1574 895 1785 924 excussam
1810 882 1965 924 Valerii
2001 881 2138 923 verbis
2171 882 2352 924 subiecit.

77 945 119 985 in
145 958 226 998 qua
251 939 323 985 etsi
351 945 436 998 ipse
463 959 542 985 non
568 959 699 998 pauca
725 945 870 986 menda
908 945 1083 997 sustulit,
1126 952 1260 986 tamen
1300 959 1378 986 non
1420 945 1531 986 nulla
1569 952 1742 998 restant,
1784 959 1890 1000 quae
1914 945 2011 986 mihi
2038 945 2228 995 videntur
2267 960 2354 987 cor-

76 1009 111 1049 ri
142 1007 247 1048 enda
273 1019 371 1048 esse.

112 1021 141 1062 g
266 1071 301 1122 1,
333 1072 367 1122 1,
396 1076 476 1110 ext.
505 1071 531 1110 2
558 1071 783 1125 exemplum
818 1072 957 1125 incipit
992 1086 1018 1112 a
1053 1072 1186 1112 verbis
1212 1071 1435 1111 Amsinus
1466 1071 1731 1112 Masinissa
1765 1085 1863 1112 rex.
1917 1084 1990 1125 pro
2024 1070 2214 1112 mendoso
2241 1072 2351 1112 Am·

76 1135 209 1173 sinus
235 1134 319 1173 Mai
347 1135 513 1173 coniecit
540 1140 589 1173 at
614 1148 705 1173 non
732 1134 978 1186 similiter,
1007 1149 1111 1188 quae
1137 1134 1263 1174 verba
1289 1135 1442 1174 Valerii
1467 1141 1570 1174 sunt.
1623 1148 1756 1188 neque
1793 1147 1891 1174 vero
1927 1133 2046 1173 homo
2082 1133 2224 1174 doctus
2258 1148 2353 1175 con-

72 1195 322 1237 suetudinem
350 1197 617 1252 epitomatoris
643 1198 859 1252 perspexit,
887 1198 955 1252 qui
983 1211 1187 1253 nunquam
1215 1196 1397 1252 exempla
1423 1196 1590 1238 exordio
1615 1202 1845 1253 praeparat.
1903 1195 1997 1237 inde
2033 1196 2158 1251 igitur
2182 1197 2354 1239 manite-

79 1266 183 1299 stum
210 1266 270 1299 est
296 1259 507 1299 delendum
534 1273 619 1300 esse
645 1261 729 1300 Am
738 1262 881 1301 sinus
936 1261 1042 1301 idem
1069 1261 1173 1301 vidit
1197 1260 1453 1301 Eberhardus
1481 1260 1625 1314 geitfd).
1651 1262 1679 1311 f.
1707 1262 1848 1314 Θὴιιιιι.
1878 1260 1982 1300 1866
2011 1274 2052 1314 p.
2087 1260 2176 1300 156.

264 1325 298 1375 1,
328 1323 364 1375 8,
393 1323 418 1363 3
455 1324 498 1363 in
524 1322 584 1363 his
612 1323 746 1364 verbis
773 1325 928 1377 captis
955 1338 981 1364 a
1007 1324 1152 1364 Furio
1180 1323 1385 1364 Camillo
1412 1324 1527 1364 Veis
1553 1324 1760 1365 Junonis
1785 1323 2013 1365 Monetae
2040 1322 2352 1364 simulacrum

68 1377 369 1440 conpertum,
398 1400 499 1426 cum
527 1399 552 1427 a
577 1386 731 1427 milite
758 1388 1113 1449 interrogatum
1139 1392 1268 1428 esset
1293 1400 1352 1428 an
1378 1386 1571 1428 Romam
1598 1385 1747 1428 vellet
1764 1386 2035 1439 transferri,
2064 1385 2192 1427 velle
2210 1399 2260 1427 se
2277 1400 2350 1428 re·

73 1449 290 1503 spondit,
318 1463 390 1502 pro
419 1455 699 1503 conpertum
725 1464 747 1490 e
774 1439 926 1491 Valerii
953 1450 1088 1491 verbis
1114 1464 1315 1504 quorum
1340 1449 1400 1489 ab
1427 1464 1519 1489 uno
1546 1464 1630 1503 per
1655 1451 1812 1490 iocum
1838 1451 2145 1503 interrogata
2170 1449 2260 1490 dea
2286 1463 2349 1490 au
2382 1483 2385 1486 .

69 1512 263 1552 Romam
290 1512 505 1565 migrare
532 1512 698 1565 vellet,
736 1513 869 1553 velle
896 1527 945 1554 se
971 1513 1228 1568 respondit
1252 1512 1359 1554 nullo
1382 1514 1543 1567 negotio
1560 1526 1702 1553 verum
1728 1527 1815 1553 esse
1842 1512 2110 1565 intellegimus
2135 1526 2237 1553 cum
2262 1526 2349 1566 per
2383 1559 2385 1562 Α

66 1575 223 1613 iocum
251 1587 277 1613 a
302 1575 459 1614 milite
488 1576 843 1628 interrogatum
870 1582 1009 1617 esset.

257 1637 294 1689 2,
326 1638 361 1688 7,
393 1638 442 1677 15
469 1638 510 1678 in
537 1638 673 1679 verbis
701 1640 782 1692 qui
811 1638 1057 1679 Cannensi
1083 1652 1250 1692 pugna
1277 1639 1743 1694 superfuerant-gnte
1770 1637 2021 1679 Cannensi
2047 1638 2290 1691 praepositio
2323 1651 2348 1679 ο

64 1700 225 1740 videtur
250 1700 462 1740 inserenda
489 1714 587 1741 esse.
641 1701 780 1741 eodem
797 1701 914 1741 modo
935 1701 1061 1742 verba
1078 1702 1115 1754 2,
1135 1701 1173 1754 9,
1202 1701 1229 1742 5
1246 1701 1326 1742 lex
1343 1714 1462 1755 quae
1483 1700 1770 1741 coercendis
1788 1700 2130 1741 conviviorum
2147 1701 2346 1754 sumpti·
2384 1722 2400 1761 ἶ

65 1762 151 1801 bus
177 1762 279 1801 lata
305 1768 378 1801 est
404 1763 584 1802 sananda
610 1769 713 1803 sunt.
767 1777 861 1803 nam
878 1765 1118 1818 praepositio
1146 1764 1202 1803 de
1228 1769 1321 1803 ante
1347 1764 1633 1803 coercendis
1659 1763 1906 1802 intercidisse
1920 1762 2094 1802 videtur.
2123 1762 2176 1802 cf.
2189 1762 2348 1802 Valerii
2394 1770 2404 1779 ⁸

64 1823 193 1866 verba
219 1824 298 1865 lex
324 1824 382 1866 de
410 1825 699 1867 coercendis
726 1826 1015 1880 sumptibus.

252 1888 290 1941 2,
321 1889 372 1929 10
398 1895 478 1930 ext.
506 1889 532 1930 2
558 1889 742 1930 Halmius
769 1890 962 1931 adnotare
989 1889 1162 1932 debebat
1187 1903 1268 1932 non
1294 1889 1471 1944 intellegi
1497 1903 1625 1945 posse,
1653 1902 1758 1944 quae
1777 1889 1892 1930 Paris
1919 1888 2079 1943 scripsit
2095 1888 2346 1930 Xenocra·

63 1956 135 1991 tes
162 1951 486 1991 Atheniensis
513 1954 838 1993 tes-timonium
865 1954 1024 1994 dicere
1049 1959 1261 2006 coactus,
1293 1968 1394 1993 cum
1420 1953 1479 1992 ad
1505 1967 1634 1993 aram
1661 1953 1974 2004 accessisset,
2007 1958 2057 1992 ut
2082 1965 2215 1992 more
2242 1953 2346 1992 eius

63 2014 292 2055 civitatis
319 2015 523 2068 iuraret,
553 2017 709 2056 omnia
735 2030 782 2057 se
810 2030 925 2057 vere
956 2016 1226 2070 rettulisse,
1264 2017 1449 2057 vetitus
1476 2023 1548 2057 est
1573 2017 1753 2069 iurare,
1791 2015 2072 2056 sinceritati
2097 2015 2197 2055 eius
2232 2027 2346 2055 con·

63 2076 328 2116 cedendum
355 2078 756 2119 existimantibus.
812 2080 979 2120 fortasse
1004 2082 1063 2121 ita
1088 2080 1304 2134 legendum
1335 2086 1394 2119 est
1428 2079 1701 2131 rettulisse,
1730 2092 1757 2119 a
1782 2077 2025 2119 iudicibus
2053 2078 2234 2118 vetitus
2271 2083 2346 2118 est

62 2139 222 2180 iurare
250 2141 529 2181 sinceritati
556 2143 657 2181 eius
683 2141 734 2182 id
761 2143 1117 2184 concedendum
1143 2141 1544 2183 existimantibus.

251 2203 289 2255 3,
314 2204 351 2256 2,
375 2203 424 2244 18
452 2205 493 2244 in
519 2204 654 2245 verbis
680 2219 780 2246 cum
805 2205 989 2247 tribuni
1015 2206 1174 2260 plebis
1201 2207 1439 2247 maximos
1466 2207 1519 2246 in
1546 2207 1750 2247 civitate
1778 2204 2068 2245 seditionum
2086 2209 2242 2244 motus
2260 2205 2358 2244 ex·>

37 2267 295 2318 citarent,
338 2267 393 2307 M.
424 2267 658 2308 Aemilius
685 2268 896 2309 Scaurus
929 2269 1023 2309 iam
1056 2283 1204 2310 senex
1245 2269 1522 2309 exhortatus
1557 2269 1775 2320 Marium,
1817 2272 2004 2307 sextum
2040 2265 2341 2307 consulatum

61 2335 329 2382 gerentem,
358 2336 410 2370 ut
435 2344 535 2370 rem
560 2346 600 2384 p.
629 2331 919 2386 vindicaret.
946 2333 1090 2372 iussit
1116 2339 1185 2373 aut
1202 2338 1298 2386 post
1318 2332 1591 2372 vindicaret
1617 2330 1927 2385 interpungendi
1944 2331 2102 2383 signum
2124 2328 2339 2369 delendum

56 2397 119 2432 est
145 2398 215 2433 aut
240 2399 330 2446 post
357 2388 647 2435 exhortatus
673 2394 912 2436 vocabulum
938 2395 1192 2437 inserendum
1218 2401 1304 2436 est.

248 2456 285 2508 3,
314 2456 351 2507 2,
379 2457 432 2497 23
460 2456 662 2500 Caesius
689 2458 878 2500 Scaeva
904 2472 1008 2507 cum
1035 2473 1119 2514 pro
1154 2472 1208 2499 eo
1242 2458 1447 2500 castello
1482 2459 1560 2498 cui
1592 2458 1901 2512 praepositus
1934 2461 2041 2497 erat
2073 2452 2339 2496 dimicaret

58 2517 275 2558 delendum
302 2518 462 2560 videtur
489 2534 553 2560 eo.
1317 2536 1325 2542 ’

245 2583 284 2634 4,
304 2582 341 2634 6,
360 2583 386 2623 3
412 2583 454 2623 in
471 2583 580 2623 hisce
597 2583 731 2625 verbis
747 2585 802 2627 M.
819 2585 1040 2626 Plautius
1066 2587 1270 2639 imperio
1298 2591 1495 2625 senatus
1522 2599 1626 2625 cum
1643 2584 1848 2625 classem
1874 2584 1922 2623 in
1939 2582 2104 2623 Asiam
2139 2580 2337 2621 reduce-

55 2649 147 2695 ret,
185 2643 383 2685 Tarenti
410 2646 582 2686 amissa
607 2660 759 2687 uxore
787 2647 1023 2688 Orestilla
1050 2649 1176 2688 inter
1198 2648 1420 2690 ,officium
1448 2648 1668 2702 ploratus
1696 2660 1745 2686 se
1772 2645 1960 2688 occidit.
2014 2657 2151 2698 quem
2170 2643 2335 2694 amici,

56 2707 183 2747 sicut
209 2713 330 2760 erat,
359 2713 573 2762 togatum
601 2711 785 2764 pariter
822 2717 1113 2752 cremarunt:
1147 2717 1196 2752 et
1231 2711 1366 2752 locus
1399 2710 1536 2752 modo
1562 2711 1764 2751 Tarenti
1790 2709 1862 2748 δύο
1896 2707 2115 2756 φιλούντων
2149 2704 2337 2747 dicitur

53 2769 296 2809 ⁴vocabulum
322 2772 432 2824 pari
446 2777 538 2824 ter,
567 2772 673 2826 quod
700 2787 779 2813 non
805 2773 1004 2827 intellego,
1032 2773 1199 2814 fortasse
1226 2788 1249 2814 e
1276 2774 1437 2815 Valerio
1463 2773 1699 2820 mutandum
1724 2778 1785 2812 est
1809 2773 1852 2812 in
1878 2782 1982 2811 cum
2008 2783 2078 2809 ea.

246 2833 335 2873 Non
353 2840 445 2874 sunt
464 2834 695 2887 tolerabilia,
724 2850 827 2890 quae
851 2838 999 2891 scripta
1024 2844 1115 2878 sunt
1138 2838 1177 2890 4,
1196 2837 1233 2890 6,
1263 2843 1343 2877 ext.
1372 2837 1409 2877 3.
1438 2837 1635 2891 Minyae
1662 2849 1688 2876 a
1716 2832 2118 2875 Lacedaemoniis
2145 2831 2335 2885 recepti
