2442 3365
1106 237 1156 243 ..
1211 213 1236 252 9
1290 235 1343 242 -.

951 263 998 279 s

74 334 124 367 ut
150 327 317 381 quales
344 327 503 366 videri
530 326 713 366 ve‘llent
739 327 859 366 tales
888 328 1032 367 etiam
1066 333 1226 367 essent
1252 341 1330 366 non
1358 329 1550 378 correxit,
1581 341 1672 367 cum
1700 327 1808 380 apud
1826 328 2033 368 Valerium
2060 335 2100 368 et
2118 329 2356 370 Ciceronem

72 391 123 430 de
151 390 216 430 off.
245 389 288 429 ΙΙ
317 392 341 440 ξ
368 389 420 429 43
461 390 512 428 sit
555 389 602 429 id
643 390 879 442 agerent?
935 397 1085 443 quanto
1126 404 1245 444 opere
1285 391 1373 444 quis
1414 391 1455 429 in
1494 391 1554 430 his
1600 390 1719 431 rebus
1760 390 1844 430 falli
1877 391 2021 444 possit,
2056 391 2240 432 Halmius
2267 394 2355 446 ipse

72 454 183 495 testis
210 458 281 505 est,
309 454 376 507 qui
404 466 476 493 em.
506 453 556 494 V.
585 468 623 507 p.
643 452 695 493 32
714 451 839 493 verba
865 459 1104 494 tonsorum
1130 466 1320 508 quoque
1347 459 1476 494 metu
1504 452 1708 495 tondere
1736 453 1870 495 filias
1897 467 2005 494 suas
2032 453 2209 495 docuit:
2237 469 2355 510 qua-

72 531 171 556 rum
196 513 422 569 ipsarum,
452 522 700 569 postquam
728 516 921 556 adultae
948 518 1103 555 aetati
1130 516 1601 569 adpropinquabant,
1629 517 1849 556 manibus
1876 517 2057 556 ferrum
2084 531 2176 556 non
2210 530 2353 558 ausus

73 579 361 619 committere
388 579 606 617 instituit
633 583 682 616 ut
709 578 1018 618 candentium
1045 579 1345 631 iuglandium
1379 592 1550 618 nucum
1588 578 1921 632 putaminibus
1957 578 2155 619 barbam
2187 578 2277 619 sibi
2310 586 2356 620 et

72 640 301 694 capillum
328 641 588 680 adurerent
615 653 666 679 ex
695 640 898 680 Ciceronis
927 640 1163 681 Tusculanis
1189 641 1216 681 5
1254 643 1279 691 ἓ
1319 641 1383 693 58,
1427 641 1495 681 ubi
1536 648 1643 681 recte
1685 647 1788 681 esset
1824 647 1875 681 ut
1915 641 2243 688 candentibus
2283 644 2355 682 in·

72 703 317 757 glandium
344 702 676 756 putaminibus
702 702 901 743 barbam
929 703 1022 743 sibi
1048 709 1094 743 et
1120 703 1353 756 capillum
1387 704 1669 755 adurerent,
1711 702 1950 755 emendavit,
1978 704 2022 743 in
2058 703 2232 744 editione
2267 719 2352 745 mu-

69 772 154 807 tata
180 766 377 806 sententia
407 765 593 806 codicum
621 767 858 820 scripturam
884 767 1056 807 retinuit.

259 829 373 869 Haec
399 829 533 881 habui,
563 829 612 868 de
631 829 786 869 Paridis
814 831 983 884 epitome
1010 844 1113 883 quae
1140 830 1323 870 dicerem.
1378 837 1497 885 atque
1524 830 1622 870 illud
1648 831 1744 870 mihi
1771 832 1851 870 iam
1879 829 2170 871 demonstrasse
2188 830 2351 884 videor,

71 893 258 934 lectiones
273 893 356 932 eius
371 892 423 933 ad
439 892 591 933 Valerii
613 893 782 933 Maximi
796 893 917 934 libros
932 893 1200 933 emendandos
1227 907 1307 933 non
1334 893 1590 933 arcessendas
1618 908 1715 945 esse,
1744 895 1822 933 nisi
1848 893 1917 933 ubi
1945 893 2127 934 codicum
2153 895 2352 948 scriptura

75 955 296 1009 depravata
323 956 384 995 sit.
440 955 663 995 laudandus
690 962 824 995 autem
852 956 1036 995 Halmius
1065 962 1135 1008 est,
1165 956 1272 1010 quod
1300 969 1387 995 eam
1414 956 1545 995 denuo
1572 969 1782 997 excussam
1808 956 1962 997 Valerii
1999 956 2134 996 verbis
2169 956 2348 998 subiecit.

74 1019 115 1058 in
143 1031 222 1071 qua
249 1014 320 1057 etsi
348 1019 433 1071 ipse
460 1032 539 1058 non
565 1032 695 1071 pauca
722 1019 867 1059 menda
906 1019 1080 1070 sustulit,
1123 1025 1256 1059 tamen
1298 1033 1375 1059 non
1418 1019 1527 1059 nulla
1567 1025 1739 1071 restant,
1782 1032 1886 1072 quae
1912 1019 2008 1058 mihi
2036 1018 2225 1059 videntur
2265 1033 2350 1060 cor·

73 1081 243 1134 rigenda
271 1094 367 1121 esse.

264 1145 297 1195 1,
330 1145 364 1195 1,
394 1150 473 1183 ext.
502 1145 528 1183 2
555 1144 780 1198 exemplum
816 1146 954 1198 incipit
990 1159 1015 1185 a
1051 1145 1183 1185 verbis
1210 1144 1432 1184 Amsinus
1464 1144 1728 1185 Masinissa
1762 1158 1859 1185 rex.
1915 1157 1987 1198 pro
2022 1143 2211 1184 mendoso
2239 1145 2348 1185 Am-

74 1208 206 1246 sinus
233 1207 316 1246 Mai
344 1208 511 1246 coniecit
537 1212 586 1246 at
611 1221 702 1246 non
730 1207 975 1259 similiter,
1005 1221 1108 1261 quae
1135 1207 1260 1247 verba
1287 1208 1439 1247 Valerii
1465 1213 1567 1247 sunt.
1622 1221 1753 1261 neque
1791 1207 1888 1247 vero
1925 1206 2043 1246 homo
2080 1206 2222 1247 doctus
2256 1221 2349 1248 con-

70 1269 319 1308 suetudinem
347 1271 614 1322 epitomatoris
641 1271 855 1323 perspexit,
884 1272 952 1323 qui
980 1284 1183 1323 nunquam
1212 1270 1395 1323 exempla
1421 1270 1587 1309 exordio
1614 1276 1842 1324 praeparat.
1901 1269 1995 1308 inde
2031 1270 2155 1322 igitur
2181 1271 2351 1310 manife-

77 1338 180 1371 stum
207 1338 267 1371 est
293 1331 504 1371 delendum
532 1345 617 1372 esse
643 1333 726 1372 Am
736 1333 878 1373 sinus.
934 1333 1039 1372 idem
1067 1333 1170 1372 vidit
1195 1332 1451 1372 Eberhardus
1478 1332 1622 1385 geitfd).
1649 1333 1676 1382 f.
1706 1334 1845 1385 Quum.
1876 1332 1979 1371 1866
2009 1347 2049 1385 p.
2085 1331 2173 1372 156.

162 1450 165 1453 .
261 1396 295 1446 1,
325 1394 361 1446 8,
390 1395 415 1434 3
454 1395 494 1434 in
521 1394 582 1434 his
609 1394 743 1435 verbis
770 1396 925 1449 captis
953 1409 978 1435 a
1005 1396 1149 1435 Furio
1177 1394 1382 1436 Camillo
1410 1395 1524 1435 Veis
1550 1395 1757 1435 Junonis
1783 1395 2010 1435 Monetae
2038 1393 2348 1435 simulacrum

66 1463 366 1510 conpertum,
396 1471 495 1496 cum
525 1471 549 1497 a
575 1458 728 1497 milite
756 1459 1110 1512 interrogatum
1137 1464 1265 1498 esset
1291 1471 1349 1498 an
1376 1458 1568 1497 Romam
1596 1458 1744 1497 vellet
1761 1458 2032 1509 transferri,
2062 1457 2189 1497 velle
2208 1470 2257 1497 se
2276 1471 2347 1497 re-

71 1520 287 1573 spondit,
316 1535 387 1573 pro
416 1527 696 1574 conpertum
723 1536 745 1561 e
772 1522 923 1562 Valerii
950 1522 1085 1562 verbis
1111 1536 1312 1574 quorum
1338 1521 1397 1560 ab
1425 1536 1516 1560 uno
1544 1536 1627 1574 per
1653 1523 1810 1560 iocum
1835 1523 2142 1573 interrogata
2167 1521 2257 1560 dea
2284 1536 2345 1560 an
2413 1558 2427 1570 ι

67 1583 260 1623 Romam
288 1584 502 1636 migrare
530 1583 695 1636 vellet,
734 1584 866 1625 velle
893 1598 942 1625 se
969 1585 1225 1639 respondit
1250 1584 1356 1625 nullo
1380 1585 1540 1638 negotio
1558 1598 1699 1624 verum
1726 1598 1812 1624 esse
1840 1583 2107 1635 intellegimus
2134 1597 2234 1624 cum
2260 1597 2346 1637 per

64 1647 220 1684 iocum
248 1659 273 1684 a
300 1647 456 1685 milite
486 1648 840 1700 interrogatum
867 1654 1006 1688 esset.

254 1709 291 1761 2,
323 1709 357 1760 7,
391 1710 440 1749 15
467 1710 507 1749 in
535 1709 670 1750 verbis
698 1712 779 1763 qui
808 1710 1054 1751 Cannensi
1081 1724 1247 1763 pugna
1274 1711 1740 1765 superfuerant-gnte
1768 1710 2018 1750 Cannensi
2046 1710 2287 1762 praepositio
2321 1723 2345 1750 ο

62 1772 221 1812 videtur
247 1771 459 1812 inserenda
487 1786 584 1813 esse.
639 1773 777 1813 eodem
795 1773 911 1813 modo
932 1773 1058 1814 verba
1076 1774 1112 1826 2,
1133 1773 1169 1826 9,
1200 1773 1225 1814 5
1244 1773 1323 1814 lex
1341 1786 1459 1827 quae
1480 1772 1767 1813 coercendis
1786 1772 2127 1813 conviviorum
2146 1774 2343 1826 sumpti-

63 1835 147 1874 bus
175 1835 276 1874 lata
303 1841 374 1874 est
402 1836 580 1874 sananda
607 1842 710 1876 sunt.
765 1850 858 1875 nam
876 1838 1115 1890 praepositio
1143 1837 1199 1875 de
1226 1843 1318 1876 ante
1345 1836 1630 1876 coercendis
1658 1836 1903 1875 intercidisse
1919 1835 2091 1874 videtur.
2121 1835 2173 1875 cf.
2188 1835 2344 1875 Valerii
2393 1843 2398 1848 '

62 1897 190 1938 verba
216 1898 295 1938 lex
322 1898 379 1938 de
408 1898 696 1939 coercendis
723 1899 1012 1953 sumptibus.

250 1961 286 2013 2,
319 1962 368 2001 10
396 1968 475 2002 ext.
503 1962 529 2001 2
556 1962 739 2002 Halmius
766 1963 959 2003 adnotare
987 1962 1159 2004 debebat
1185 1976 1264 2003 non
1292 1962 1468 2015 intellegi
1495 1976 1623 2016 posse,
1653 1975 1756 2016 quae
1776 1962 1889 2002 Paris
1917 1962 2076 2015 scripsit
2093 1961 2342 2001 Xenocra·

61 2029 132 2062 tes
160 2024 482 2063 Atheniensis
510 2026 834 2064 testimonium
863 2026 1021 2065 dicere
1046 2031 1258 2077 coactus,
1291 2040 1391 2065 cum
1417 2025 1476 2064 ad
1503 2039 1632 2065 aram
1660 2025 1970 2076 accessisset,
2004 2030 2054 2063 ut
2080 2037 2211 2063 more
2239 2025 2342 2063 eius

61 2087 289 2126 civitatis
316 2087 519 2138 iuraret,
550 2089 706 2128 omnia
733 2102 779 2128 se
808 2103 922 2129 vere
953 2089 1223 2140 rettulisse,
1261 2090 1446 2129 vetitus
1473 2096 1546 2128 est
1571 2090 1750 2139 iurare,
1789 2088 2068 2127 sinceritati
2094 2088 2193 2126 eius
2229 2100 2341 2126 con-

61 2148 325 2188 cedendum
352 2150 753 2190 existimantibus.
809 2151 976 2192 fortasse
1002 2153 1059 2193 ita
1085 2151 1300 2205 legendum
1332 2157 1390 2191 est
1426 2150 1698 2203 rettulisse,
1727 2164 1753 2191 a
1780 2148 2022 2190 iudicibus
2050 2149 2230 2189 vetitus
2269 2155 2343 2189 est

60 2212 219 2251 iurare
247 2213 526 2253 sinceritati
553 2215 653 2253 eius
681 2213 731 2253 id
758 2215 1113 2255 concedendum
1141 2213 1541 2255 existimantibus.

248 2275 285 2327 3,
311 2276 347 2327 2,
373 2276 421 2315 18
449 2277 489 2316 in
517 2276 651 2316 verbis
678 2269 777 2317 cum
803 2277 986 2318 tribuni
1012 2278 1171 2332 plebis
1198 2279 1436 2318 maximos
1464 2279 1515 2317 in
1544 2279 1746 2318 civitate
1774 2275 2065 2316 seditionum
2084 2281 2238 2315 motus
2257 2289 2338 2315 ex-

58 2340 291 2389 citarent,
335 2340 389 2378 M.
421 2340 654 2380 Aemilius
682 2341 892 2381 Scaurus
926 2342 1019 2381 iam
1054 2356 1201 2382 senex
1242 2342 1518 2381 exhortatus
1554 2342 1771 2391 Marium,
1814 2345 2001 2379 sextum
2037 2338 2338 2378 consulatum

58 2407 326 2455 gerentem,
355 2409 406 2444 ut
432 2417 531 2444 rem
557 2419 596 2458 p.
626 2403 915 2458 vindicaret.
943 2406 1086 2446 iussit
1113 2412 1182 2446 aut
1200 2411 1294 2459 post
1315 2404 1587 2445 vindicaret
1613 2403 1924 2458 interpungendi
1942 2404 2099 2456 signum
2122 2401 2336 2443 delendum

54 2471 115 2503 est
142 2471 211 2504 aut
237 2472 327 2519 post
354 2467 643 2507 exhortatus
670 2467 909 2508 vocabulum
935 2468 1189 2509 inserendum
1216 2474 1301 2508 est.

245 2530 282 2580 3,
311 2530 347 2580 2,
376 2531 429 2569 23
457 2530 658 2572 Caesius
686 2532 874 2572 Scaeva
901 2547 1005 2572 cum
1032 2548 1115 2586 pro
1152 2547 1204 2572 eo
1239 2533 1443 2572 castello
1479 2533 1556 2570 cui
1589 2533 1898 2584 praepositus
1931 2536 2038 2569 erat
2070 2527 2335 2569 dimicaret

57 2590 271 2630 delendum
299 2591 459 2633 videtur
486 2607 549 2633 e0.

243 2656 280 2706 4,
301 2656 337 2706 6,
357 2656 382 2695 3
409 2657 450 2695 in
468 2657 576 2696 hisce
595 2657 727 2697 verbis
745 2659 798 2699 M.
816 2659 1036 2698 Plautius
1063 2660 1266 2712 imperio
1295 2665 1491 2698 senatus
1520 2672 1623 2698 cum
1641 2658 1844 2697 classem
1871 2657 1918 2695 in
1937 2655 2100 2696 Asiam
2136 2654 2333 2693 reduce·

54 2723 144 2769 ret,
182 2717 380 2759 Tarenti
408 2720 578 2760 amissa
598 2735 755 2761 uxore
784 2721 1019 2762 Orestilla
1046 2723 1173 2762 inter
1200 2722 1416 2762 officium
1445 2722 1664 2775 ploratus
1693 2735 1741 2760 se
1769 2719 1956 2761 occidit.
2011 2731 2148 2772 quem
2167 2717 2331 2767 amici,

55 2781 179 2819 sicut
207 2787 326 2832 erat,
356 2787 570 2834 togatum
598 2784 782 2837 pariter
819 2790 1109 2824 cremarunt:
1145 2790 1192 2824 et
1228 2785 1362 2824 locus
1396 2784 1532 2824 modo
1560 2784 1760 2824 Tarenti
1787 2783 1858 2820 δύο
1893 2781 2111 2829 φιλούντων
2147 2778 2333 2820 dicitur

51 2842 292 2882 vocabulum
319 2846 428 2897 pari
444 2851 534 2897 ter,
564 2846 669 2899 quod
697 2860 776 2886 non
802 2847 1000 2900 intellego,
1029 2847 1196 2887 fortasse
1223 2861 1246 2888 e
1274 2847 1433 2888 Valerio
1461 2847 1695 2888 mutandum
1722 2851 1782 2886 est
1806 2847 1849 2885 in
1876 2857 1978 2884 cum
2006 2856 2074 2882 ea.

243 2907 332 2948 Non
351 2914 441 2949 sunt
461 2908 691 2963 tolerabilia,
721 2925 823 2965 quae
849 2912 996 2966 scripta
1021 2918 1111 2953 sunt
1135 2912 1173 2965 4,
1193 2912 1229 2965 6,
1260 2917 1340 2953 ext.
1369 2911 1405 2952 3.
1435 2911 1632 2966 Minyae
1660 2924 1685 2951 a
1713 2906 2114 2950 Lacedaemoniis
2142 2906 2330 2960 recepti
